2834 4342
143 332 206 382 uu.
222 330 272 397 19.]
616 330 764 381 nunnus.
1200 300 1266 381 189'

144 515 220 558 nare
250 495 376 559 frustra
407 494 607 580 temptavit3
645 513 885 577 regressusque
919 503 953 559 et
987 514 1047 577 pro
1081 494 1194 571 muris,

144 603 237 664 modo
260 610 368 663 semet
389 601 600 675 adflictand0,
625 601 724 662 modo
752 599 900 681 singulos
928 598 1063 661 nomine
1093 599 1194 675 ciens,

143 702 297 787 praemiis
324 721 456 779 vocans,
486 703 685 767 seditionem
717 703 903 785 coeptabat,
932 704 1081 788 adeoque
1111 723 1197 767 com-

143 816 291 871 moverat
322 816 360 869 ut
391 806 531 889 signifer
562 807 703 890 legionis
735 817 850 871 sextae
880 806 1014 889 signum
1045 808 1087 870 ad
1119 827 1196 871 eum

142 910 358 975 transtulerit.
413 912 500 974 Tum
530 910 666 975 Sentius
693 931 855 975 occanere
881 932 1005 975 cornua
1031 912 1195 993 tubasque
1219 939 1235 973 ο

143 1024 176 1077 et
199 1015 269 1097 peti
292 1034 459 1099 aggerem,
484 1015 566 1099 erigi
590 1016 696 1080 scalas
720 1015 827 1091 iussit,
849 1036 888 1079 ac
910 1015 1197 1097 promptissimum

144 1138 309 1202 quemque
343 1120 532 1195 succedere,
568 1120 650 1183 alios
687 1120 864 1184 tormentis
898 1121 1011 1184 hastas
1046 1140 1127 1183 saxa
1163 1129 1196 1183 et

143 1223 234 1287 laces
260 1223 421 1312 ingerere.
476 1224 629 1287 Tandem
655 1224 744 1288 victa
770 1224 953 1306 pertinacia
983 1224 1059 1287 Piso
1090 1223 1194 1288 oravit
1219 1247 1234 1293 3

145 1336 180 1391 ut
207 1327 338 1392 traditis
363 1326 464 1392 armis
491 1338 641 1391 maneret
664 1327 699 1391 in
724 1328 971 1404 caste110‚dum
998 1328 1122 1392 Caesar
1144 1328 1197 1391 cui

146 1431 276 1496 Suriam
304 1431 513 1514 permitteret
541 1432 733 1498 consulitur.
797 1432 875 1495 Non
902 1442 1056 1514 receptae
1086 1432 1237 1505 condi-4

145 1536 266 1611 ciones,
290 1556 352 1600 nec
375 1536 464 1600 aliud
487 1557 586 1619 quam
610 1556 713 1600 naves
736 1546 770 1599 et
795 1545 905 1599 tutum
931 1537 967 1600 in
990 1537 1110 1600 urbem'
1133 1535 1198 1600 iter

145 1660 341 1705 concessum
360 1650 420 1705 est.

189 1744 238 1808 At
259 1746 396 1821 Romae,
414 1754 591 1827 postquam
609 1744 798 1809 Germanici
813 1745 968 1808 valetudo
991 1744 1196 1827 percrebruit
1209 1751 1248 1807 82

146 1858 332 1932 cunctaque
352 1858 388 1911 ut
409 1868 449 1911 ex
466 1848 648 1932 longinquo
668 1860 767 1913 aucta
784 1850 818 1911 in
837 1850 984 1912 deterius
1005 1849 1198 1912 adfereban-

145 1962 209 2027 tur,
228 1952 321 2015 dolor
342 1952 398 2017 ira.
447 1954 491 2016 Et
515 1954 734 2035 erumpebant
758 1961 917 2035 questus:
941 1954 1015 2017 ideo
1038 1952 1195 2016 nimirum
1220 1982 1235 2014 2

146 2055 181 2118 in
207 2065 374 2120 extremas
400 2066 506 2120 terras
534 2058 728 2139 relegatum,
757 2058 831 2120 ideo
858 2056 970 2120 Pisoni
999 2058 1197 2139 permissam

146 2159 349 2241 provinciam
359 2180 371 2238 ;¹
389 2160 451 2225 hoc
468 2161 577 2243 egisse
594 2172 741 2225 secretos
755 2161 931 2243 Augustae
947 2182 1022 2225 cum
1040 2162 1199 2226 Plancina

147 2283 338 2342 sermones3
374 2284 454 2328 vera
484 2286 619 2347 prorsus
650 2267 692 2329 de
723 2267 835 2328 Druso
869 2264 1017 2331 seniores
1054 2266 1194 2341 locutos,
1219 2294 1234 2339 3

145 2366 323 2451 displicere
343 2369 561 2451 regnantibus
584 2370 692 2433 civilia
710 2370 852 2433 filiorum
869 2369 1012 2451 ingenia,
1030 2389 1139 2451 neque
1155 2371 1198 2433 ob

145 2471 234 2537 aliud
256 2471 462 2555 interceptos
486 2494 583 2556 quam
605 2474 681 2558 quia
699 2472 858 2555 populum
882 2474 1071 2536 Romanum
1092 2491 1198 2555 aequo

144 2575 218 2641 iure
236 2576 412 2659 complecti
434 2577 562 2640 reddita
583 2576 738 2642 libertate
757 2575 966 2660 agitaverint.
1015 2577 1090 2639 Hos
1105 2576 1196 2659 vulgi
1220 2606 1235 2651 4

145 2699 317 2745 sermones
344 2680 457 2745 audita
481 2702 570 2745 mors
595 2682 677 2745 adeo
704 2680 854 2744 incendit
881 2689 918 2743 ut
945 2688 1025 2744 ante
1050 2679 1198 2745 edictum

178 2852 228 2908 81.
252 2869 303 2919 pro
331 2856 430 2914 muris,
456 2872 488 2905 on
511 2856 549 2905 the
571 2856 650 2915 walls,
730 2867 753 2917 3.
771 2856 830 2905 cui:
850 2854 1034 2917 interrogative.

144 2920 254 2971 towards
265 2921 308 2969 the
321 2937 417 2983 enemy,
430 2921 461 2970 cs.
476 2934 513 2983 13.
525 2936 549 2981 4.
730 2918 781 2973 82.
806 2935 828 2971 2.
846 2922 924 2971 ideo:
954 2922 1044 2984 begins
1066 2920 1110 2971 the
1132 2936 1200 2971 com·

179 2995 271 3036 semet
288 2986 463 3036 afflictando:
490 2987 593 3049 beating
611 2987 650 3036 his
696 2987 796 3051 plaints.

144 3052 229 3101 breast
243 3054 293 3100 and
306 3054 379 3101 other
391 3054 459 3115 signs
471 3053 500 3101 of
514 3054 584 3115 grief.
730 3054 785 3101 hoc
798 3054 901 3116 egisse,
914 3054 963 3101 this
970 3053 1204 3119 wasthemeaning

179 3118 364 3167 seditionem:
384 3134 477 3182 among
491 3119 534 3167 the
547 3119 651 3167 soldiers
696 3119 738 3183 of,·
756 3110 771 3166 i
783 3135 900 3167 common
912 3135 955 3168 use
968 3120 997 3167 os
1009 3135 1090 3183 agere.

144 3182 174 3231 of
190 3183 297 3233 Sentius.
730 3198 752 3245 3.
771 3187 805 3234 de
818 3188 927 3234 Druso:
947 3186 979 3234 cf.
992 3186 1027 3233 ΙΙ.
1038 3198 1079 3245 41.
1092 3197 1114 3250 5.

179 3250 307 3312 signifer:
320 3256 365 3298 not
375 3250 506 3315 aquilifer,
515 3250 558 3299 the
566 3250 650 3299 stand·
729 3251 877 3313 displicere
890 3288 896 3299 .
909 3288 914 3299 .
928 3288 933 3300 .
946 3252 1075 3313 ingenia:
1094 3252 1200 3301 Sueton-

143 3315 290 3363 ard·bearer
312 3316 341 3364 of
366 3316 410 3365 the
437 3316 529 3379 legion.
580 3316 650 3364 Each
696 3316 735 3364 ius
749 3316 855 3380 (Claud
870 3316 897 3380 1)
913 3333 977 3379 says,
996 3318 1130 3366 nonnullos
1146 3324 1199 3365 tra·

142 3381 263 3445 maniple,
276 3396 303 3430 as
320 3382 376 3431 well
393 3398 427 3440 as,
439 3382 568 3446 probably,
586 3382 649 3430 each
696 3383 753 3430 dere
786 3398 866 3441 ausos,
894 3391 1032 3445 smpectum
1060 3399 1117 3431 eum
1154 3382 1200 3446 [sc.

143 3446 243 3505 cohort,
255 3448 307 3497 had
318 3449 349 3497 its
361 3449 463 3511 siguum
476 3448 511 3511 (l.
524 3447 559 3497 18.
573 3462 588 3509 3
599 3447 649 3510 n),
696 3449 819 3513 Drusum]
839 3452 957 3513 Augusto,
969 3457 1159 3512 reuocatumque
1169 3466 1201 3497 ex

143 3513 197 3560 and
216 3513 287 3562 there
307 3530 371 3562 were
388 3530 416 3562 as
432 3530 507 3576 many
523 3515 648 3579 signiferi.
699 3516 847 3577 provincia,
859 3517 954 3579 etquia
969 3523 1146 3573 cunctaretur,
1159 3516 1200 3562 in-

143 3578 170 3626 It
184 3593 233 3626 was
251 3578 310 3641 only
325 3595 373 3627 one
386 3587 429 3628 out
441 3580 470 3628 os
484 3579 533 3629 this
545 3581 650 3628 number
695 3588 829 3644 terceptum
852 3598 954 3631 veneno.
999 3582 1048 3629 But
1070 3582 1090 3630 it
1111 3595 1200 3630 wasa

141 3643 200 3692 that
212 3644 335 3693 deserted.
695 3647 843 3709 groundless
854 3663 945 3696 rumor.

180 3722 202 3757 2.
220 3724 367 3772 aggerem:
403 3710 528 3759 materials
562 3712 600 3760 for
633 3727 649 3760 a
729 3714 865 3762 filiorum:
883 3715 979 3762 Drusus
988 3710 1204 3775 wasstep·sonof

143 3777 250 3834 mound‚
270 3784 430 3841 preparatory
452 3784 479 3826 to
501 3793 535 3825 an
557 3778 650 3826 assault
696 3780 835 3841 Augustus;
852 3779 1024 3838 Germanicus,
1033 3779 1144 3844 adopted
1153 3792 1201 3827 son

145 3838 184 3905 (l.
197 3840 236 3905 65.
251 3840 305 3905 ιο).
696 3845 726 3894 ol
734 3845 856 3912 Tiberius.
