2834 4342
165 346 215 398 264
638 347 796 399 rncnus.
1107 346 1201 411 [noos
1217 348 1262 398 111.

217 511 356 576 retrahit
381 510 494 595 copias
520 522 577 576 aut
607 512 642 576 in
672 509 896 577 hibernaculis
926 510 1051 576 veteris
1081 512 1264 596 provinciae

217 615 395 698 componit,
414 617 473 680 sed
496 627 533 680 ut
556 616 591 679 in
614 616 728 680 limine
751 616 830 680 belli
852 616 1023 699 dispositis
1047 616 1194 681 castellis
1210 637 1265 700 per

217 720 389 801 expeditos
405 729 439 783 et
455 720 670 784 solitudinum
687 741 810 803 gnaros
826 730 1013 785 mutantem
1033 721 1174 804 mapalia
1189 723 1264 785 Tac·

216 823 393 888 farinatem
409 824 636 906 proturbabat,
653 826 760 889 donec
775 824 877 888 fratre
894 824 966 888 eius
982 834 1081 906 capto
1096 844 1264 907 regressus

217 936 279 1002 est,
310 928 541 1009 properantius
571 937 685 992 tamen
716 948 816 1011 quam
847 947 888 992 ex
917 928 1063 992 utilitate
1093 927 1264 1004 sociorum,

181 1047 196 1092 ⁶
219 1029 342 1094 relictis
365 1051 424 1112 per
439 1051 522 1114 quos
546 1041 735 1114 resurgeret
759 1031 892 1095 bellum.
941 1031 1009 1096 Sed
1031 1031 1187 1095 Tiberius
1210 1051 1265 1113 pro

217 1133 373 1197 coniecto
396 1133 635 1216 interpretatus
659 1135 692 1198 id
715 1155 848 1218 quoquc
872 1135 991 1198 Blaeso
1013 1135 1140 1211 tribuit,
1158 1145 1195 1198 ut
1213 1135 1266 1198 im·

217 1248 349 1321 perator
359 1258 378 1302 a
387 1238 575 1321 legionibus
586 1238 795 1314 salutaretur,
807 1238 915 1321 prisco
928 1259 1007 1322 erga
1017 1239 1120 1303 duces
1132 1238 1264 1314 honore,

218 1342 274 1425 qui
300 1343 386 1406 bene
412 1351 508 1424 gesta
534 1362 570 1406 re
600 1342 734 1425 publica
763 1343 884 1425 gaudio
914 1352 949 1406 et
979 1342 1108 1424 impetu
1134 1341 1266 1406 victoris

218 1446 384 1512 exercitus
401 1446 714 1522 conclamabantur;
738 1455 899 1528 erantque
916 1446 1026 1529 plures
1049 1444 1147 1510 simul
1170 1446 1267 1528 impe-

181 1579 196 1623 7
219 1559 346 1613 ratores
373 1569 436 1612 nec
463 1570 564 1630 super
586 1560 773 1614 ceterorum
800 1550 1044 1633 aequalitatem.
1092 1549 1267 1614 Concessit

218 1654 415 1737 quibusdam
432 1661 465 1716 et
482 1653 660 1736 Augustus
684 1653 718 1717 id
733 1654 939 1730 vocabulum,
956 1674 995 1718 ac
1018 1663 1100 1718 tunc
1115 1653 1267 1718 Tiberius

219 1758 337 1821 Blaeso
353 1766 567 1839 postremum.

170 1903 206 1959 75
263 1895 386 1960 Obiere
409 1916 449 1959 eo
472 1916 560 1959 anno
582 1895 644 1958 viri
667 1896 814 1960 illustres
838 1895 978 1960 Asinius
1007 1894 1196 1970 Saloninus,
1220 1895 1266 1958 M.

219 1999 371 2082 Agrippa
393 2008 427 2062 et
451 1999 598 2063 Pollione
621 2000 742 2063 Asinio
765 2001 846 2075 avis,
865 2000 968 2063 fratre
992 2000 1103 2063 Druso
1126 1998 1270 2082 insignis

220 2103 422 2192 Caesarique
449 2123 613 2186 progener
639 2104 835 2178 destinatus,
863 2113 896 2167 et
925 2103 1044 2186 Capito
1071 2102 1203 2178 Ateius
1229 2103 1271 2166 de

218 2228 284 2291 quo
307 2206 496 2282 memoravi,
520 2205 704 2289 principem
728 2207 763 2269 in
786 2206 922 2271 civitate
945 2207 1055 2270 locum
1082 2206 1201 2270 studiis
1229 2207 1273 2270 ci-

218 2311 338 2374 vilibus
368 2319 552 2386 assecutus,
584 2312 643 2374 sed
676 2331 738 2374 avo
768 2311 965 2375 centurione
996 2310 1142 2386 Sullan0,
1175 2320 1273 2392 patre

182 2413 393 2498 apraetorio.
442 2413 661 2478 Consulatum
692 2413 724 2478 ei
749 2414 994 2480 acceleraverat
1019 2414 1207 2498 Augustus,
1234 2423 1273 2477 ut

251 2609 274 2664 5.
291 2597 396 2648 veteris
415 2595 591 2661 provinciae:
616 2597 659 2647 the
676 2597 720 2648 old
800 2599 896 2662 plures
913 2599 1111 2661 imperatores:
1132 2599 1275 2661 imperator

236 2665 336 2714 rovince
354 2661 382 2713 ol
396 2663 482 2712 Africa
499 2663 542 2728 (T
540 2663 624 2726 unis),
639 2664 720 2712 estab·
767 2665 843 2726 being
855 2680 871 2712 a
882 2664 935 2713 title
951 2664 981 2713 of
994 2664 1084 2722 honor,
1095 2669 1148 2722 not,
1160 2679 1188 2712 as
1205 2679 1275 2722 now,

217 2680 299 2780 lished
321 2741 369 2779 nc.
395 2729 449 2790 146,
472 2731 522 2779 and
547 2730 665 2792 enlarged
687 2730 720 2791 by
767 2745 800 2778 an
812 2729 891 2779 office.

218 2799 345 2859 Augustus
361 2796 421 2859 (nc.
436 2795 481 2859 25)
498 2796 530 2857 by
545 2796 588 2843 the
606 2795 720 2844 addition
802 2792 850 2848 75.
875 2796 994 2844 Asinius
1024 2795 1194 2845 Saloninus:
1224 2810 1275 2844 son

218 2862 244 2911 oi
261 2862 380 2911 Numidia
397 2861 537 2926 (Algiers);
565 2876 607 2909 see
625 2861 660 2909 II.
680 2872 720 2926 52.
768 2860 797 2910 ol
816 2861 918 2909 Asinius
938 2861 1024 2909 Gallus
1043 2861 1077 2924 (1.
1097 2873 1136 2919 12,
1156 2859 1199 2924 13)
1220 2863 1276 2910 and

219 2940 271 2977 2n.
503 2980 505 2983 ,
767 2927 896 2990 Vipsania,
925 2927 1048 2989 daughter
1081 2925 1110 2974 ol'
1140 2927 1271 2990 Agrippa;

251 3002 418 3050 mutantem,
428 2991 720 3056 wheneverluchonged.
768 2992 813 3040 she
833 2992 884 3040 had
904 2993 969 3041 been
989 2992 1095 3041 married
1113 2998 1138 3041 to
1155 2992 1277 3040 Tiberius

219 3058 721 3186 ulilsslialhllhilehillidii
768 3057 1277 3182 llltllzldsilttltalttt

219 3189 267 3239 See
280 3190 377 3247 Sallust,
389 3192 443 3253 lug.
459 3189 496 3238 18.
767 3191 900 3239 betrothed
924 3198 950 3238 to
972 3206 987 3238 a
1010 3191 1132 3253 daughter
1154 3189 1184 3238 ol
1209 3189 1278 3238 Ger·

253 3257 456 3318 properantius,
475 3263 536 3304 etc:
558 3257 602 3304 the
620 3257 720 3320 provin·
768 3258 889 3315 manicns,
901 3257 980 3305 hence
993 3258 1107 3306 Caesari
1122 3270 1277 3320 progener.

219 3321 279 3370 cials
290 3337 354 3368 were
367 3321 409 3368 left
423 3325 593 3384 unprotected.
767 3324 822 3371 The
843 3340 964 3386 agnomen
986 3323 1139 3374 Saloninus
1156 3339 1207 3370 was
1228 3325 1278 3370 de-

252 3388 275 3435 6.
293 3396 325 3435 ut
342 3389 501 3450 imperator,
519 3397 580 3437 ete:
606 3391 649 3438 the
666 3390 720 3437 title
768 3391 837 3438 rived
861 3391 923 3437 from
947 3390 989 3437 the
1013 3391 1062 3451 city
1082 3390 1111 3436 os
1131 3389 1225 3437 Salona
1248 3389 1279 3436 in

220 3452 249 3501 ol'
269 3455 413 3514 imperator,
436 3455 511 3517 given
537 3463 563 3503 to
586 3456 721 3504 victorious
768 3456 903 3514 Dalmatia,
916 3456 1035 3519 captured
1047 3455 1079 3517 by
1092 3454 1178 3503 Pollio.

218 3519 332 3582 generals
350 3520 375 3567 in
392 3521 435 3568 the
453 3521 512 3570 time
527 3517 556 3568 of
570 3521 613 3569 the
631 3522 720 3584 repub·
801 3522 901 3584 Capito
914 3521 1028 3570 Ateius:
1047 3535 1089 3568 see
1103 3533 1141 3583 70.
1154 3533 1177 3568 2.

218 3583 260 3642 lic,
279 3587 329 3633 and
350 3587 486 3635 continued
506 3586 569 3635 until
589 3587 639 3634 this
659 3588 720 3635 time
801 3588 904 3636 studiis
928 3586 1073 3650 civilibus:
1096 3585 1146 3634 this
1164 3591 1233 3633 term
1256 3584 1280 3632 is

222 3648 257 3714 (1.
269 3653 457 3715 58.9n.),was
469 3667 526 3700 now
537 3652 719 3710 discontinued,
768 3654 829 3701 used
852 3651 984 3716 especially
1004 3658 1030 3700 to
1054 3652 1185 3714 designate
1204 3649 1281 3712 legal

220 3715 271 3762 and
290 3716 353 3764 after
374 3717 422 3764 this
442 3717 559 3765 occasion
579 3717 650 3765 there
669 3733 721 3765 was
767 3718 868 3766 studies.

220 3795 253 3826 no
273 3781 411 3843 imperator
431 3789 518 3845 except
538 3782 581 3830 the
599 3783 721 3845 princeps
801 3797 823 3831 2.
841 3783 1035 3832 consulatum:
1054 3794 1109 3832 AD.
1127 3793 1150 3848 5,
1168 3797 1196 3831 as
1214 3797 1282 3830 con·

219 3844 326 3895 himself.
766 3849 809 3897 sul
817 3852 937 3915 suffectus⁸
