2834 4342
178 343 227 396 364
654 346 808 396 merrus.
1133 345 1233 409 [noox
1250 346 1295 395 v1.

230 507 285 584 tis,
312 507 391 591 quid
418 529 537 591 repens
564 519 621 572 aut
649 520 819 573 vetustate
850 510 1050 575 obscurum:
1081 510 1227 592 perinde
1257 510 1292 573 in
1380 596 1381 605 ἵ

230 615 312 692 foro,
330 616 363 678 in
387 616 546 693 convivio,
572 637 702 700 quaqua
725 619 767 680 de
790 638 826 681 re
849 616 951 681 locuti
975 617 1229 693 incusabantur,
1253 627 1291 681 ut
1380 626 1381 681 ζ

231 719 304 802 quis
321 720 516 802 praevenire
533 730 566 783 et
584 741 677 784 reum
693 721 862 785 destinare
878 731 1041 804 properat,
1059 742 1136 803 pars
1153 722 1197 784 ad
1214 723 1291 785 sub

232 823 352 887 sidium
376 823 437 899 sui,
454 823 566 905 plures
590 821 707 888 infecti
730 825 825 908 quasi
844 825 1034 888 valetudine
1057 835 1092 889 et
1116 834 1286 889 contactu.

195 953 209 1003 5
235 927 301 992 Sed
319 927 488 990 Minucius
505 937 539 990 et
557 927 720 992 Servaeus
743 928 892 992 damnati
915 928 1080 992 indicibus
1101 949 1286 993 accessere.

231 1031 412 1114 Tractique
440 1041 518 1094 sunt
545 1031 579 1094 in
606 1034 890 1096 casumeundem
920 1033 1024 1096 Iulius
1051 1032 1235 1096 Africanus
1267 1054 1288 1097 e

233 1135 392 1200 Santonis
420 1135 548 1211 Gallica
574 1136 718 1212 civitate,
749 1136 846 1201 Seius
875 1137 1090 1220 Quadratus:
1119 1136 1286 1220 originem

195 1256 211 1301 6
233 1259 301 1302 non
324 1238 463 1321 repperi.
514 1239 632 1322 Neque
656 1260 730 1303 sum
753 1240 889 1322 ignarus
913 1261 933 1303 a
957 1240 1124 1323 plerisque
1148 1241 1288 1323 scripto
1380 1274 1381 1281 .

232 1343 323 1406 ribus
347 1343 471 1406 omissa
495 1325 675 1407 multorum
700 1344 847 1426 pericula
871 1353 904 1406 et
929 1365 1063 1426 poenas,
1087 1344 1165 1407 dum
1189 1345 1287 1427 copia

160 1509 165 1516 ,
232 1446 392 1510 fatiscunt
420 1456 486 1523 aut,
512 1467 597 1530 quae
624 1447 705 1529 ipsis
732 1447 835 1511 nimia
861 1457 894 1510 et
911 1457 1049 1511 maesta
1074 1447 1218 1525 fuerant,
1242 1469 1287 1512 ne

232 1550 303 1634 pari
329 1551 439 1614 taedio
465 1551 611 1614 lecturos
638 1552 818 1615 adficerent
847 1561 1025 1616 verentur:
1055 1552 1152 1615 nobis
1182 1552 1286 1634 plera-

233 1675 297 1737 que
327 1655 428 1737 digna
458 1655 594 1738 cognitu
625 1656 801 1732 obvenere,
833 1677 1032 1738 quamquam
1062 1656 1105 1719 ab
1134 1656 1208 1719 aliis
1238 1655 1286 1721 in-

232 1762 404 1827 celebrata.

193 1874 211 1928 8
279 1867 366 1929 Nam
383 1887 422 1930 ea
437 1876 647 1949 tempestate,
665 1889 730 1950 qua
747 1867 860 1931 Seiani
876 1867 1056 1931 amicitiam
1073 1867 1176 1931 ceteri
1198 1865 1284 1932 falso
1380 1894 1381 1925 i

233 1983 402 2049 exuerant,
419 1995 520 2038 ausus
536 1984 587 2038 est
604 1995 705 2057 eques
725 1976 898 2037 Romanus
915 1975 962 2038 M.
980 1975 1168 2050 Terentius
1185 1977 1229 2038 ob
1250 1976 1284 2039 id

233 2099 317 2154 reus,
336 2077 499 2160 amplecti,
517 2079 558 2141 ad
574 2078 663 2142 hunc
679 2079 814 2141 modum
830 2080 918 2160 apud
935 2088 1088 2142 senatum
1105 2079 1285 2145 ordiendo:

196 2211 211 2242 α
236 2183 423 2245 ‘Fortunae
439 2181 572 2264 quidem
596 2203 690 2245 meae
712 2182 856 2245 fortasse
880 2183 991 2246 minus
1012 2182 1165 2265 expediat
1184 2204 1285 2266 agno

233 2305 325 2349 scere
342 2285 467 2348 crimen
483 2307 581 2368 quam
605 2287 771 2350 abnuere:
803 2287 861 2349 sed
886 2296 1066 2368 utcumque
1089 2307 1208 2351 casura
1228 2309 1283 2352 res

232 2399 293 2465 est,
315 2388 446 2453 fatebor
468 2400 502 2452 et
525 2387 628 2453 luisse
652 2411 705 2453 me
731 2390 853 2455 Seiano
875 2391 1028 2467 amicum,
1052 2401 1087 2455 et
1111 2400 1149 2454 ut
1171 2412 1282 2456 essem

194 2523 209 2568 3
233 2493 407 2576 expetisse,
433 2504 466 2557 et
489 2503 665 2577 postquam
689 2495 830 2576 adeptus
854 2514 943 2559 eram
966 2494 1135 2558 laetatum.
1183 2495 1284 2560 Vide-

231 2619 299 2660 ram
317 2597 478 2680 collegam
494 2598 598 2680 patris
617 2599 772 2679 regendis
792 2598 966 2680 praetoriis
984 2599 1189 2675 cohortibus
1206 2621 1283 2664 mox

192 2735 208 2780 4
232 2705 322 2768 urbis
339 2715 372 2768 et
389 2704 526 2767 militiae
542 2704 656 2768 munia
675 2705 772 2767 simul
797 2706 985 2770 obeuntem.
1034 2706 1128 2770 Illius
1152 2708 1282 2790 propin-

230 2809 286 2892 qui
303 2819 336 2872 et
352 2809 479 2871 adfines
496 2808 677 2872 honoribus
693 2810 920 2891 augebantur3
944 2819 980 2873 ut
1000 2810 1140 2893 quisque
1159 2810 1281 2875 Seiano

229 2913 375 2988 intimus,
397 2912 443 2975 ita
463 2913 505 2975 ad
527 2912 679 2975 Caesaris
703 2913 882 2976 amicitiam
901 2913 1049 2977 validus:
1073 2924 1191 2978 contra
1212 2915 1281 2998 qui-

229 3018 291 3080 bus
316 3016 467 3079 infensus
491 3025 590 3093 esset,
616 3027 707 3079 metu
738 3037 776 3081 ac
807 3017 960 3081 sordibus
991 3018 1278 3082 conflictabantur.

260 3198 284 3244 4.
301 3197 438 3247 repens:
453 3201 554 3239 recens,·
576 3201 591 3232 a
614 3185 728 3248 frequent
812 3187 1013 3236 Santoniszthe
1021 3188 1126 3235 modern
1135 3187 1281 3251 Saintonge,

228 3265 271 3298 use
282 3249 311 3296 of
320 3250 362 3296 the
374 3250 442 3297 word
454 3251 479 3296 in
490 3250 598 3298 Tacitus.
778 3267 812 3300 on
823 3252 866 3299 the
879 3246 931 3314 B'ay
942 3251 971 3299 os
980 3253 1076 3314 Biscay.

260 3317 295 3365 ad
326 3317 486 3366 subsidium
521 3316 576 3374 sui,
610 3316 639 3362 in
673 3317 729 3381 sels·
811 3318 965 3379 originem:
986 3319 1024 3366 tle.
1037 3317 1066 3365 os
1075 3319 1153 3366 Seius

227 3379 256 3427 de
267 3396 330 3427 ence.
511 3434 514 3441 .
811 3379 841 3436 8.
860 3397 942 3431 nam:
961 3383 1020 3432 bere
1034 3385 1096 3432 used
1110 3391 1136 3432 to
1148 3384 1281 3433 introduce

258 3445 420 3494 valetudine
448 3453 476 3493 et
504 3454 644 3505 contactu,
670 3463 726 3494 con·
777 3464 811 3497 an
822 3449 942 3512 example.

225 3513 330 3575 tagt'on:
350 3528 365 3559 a
377 3511 522 3572 hendiadys.
811 3525 953 3573 exuerant,
965 3516 1020 3563 had
1027 3516 1179 3566 disclaimed.

260 3591 282 3642 5.
303 3579 444 3627 indicibus
479 3593 638 3627 accessere:
674 3578 726 3628 like
811 3593 834 3643 3.
852 3583 989 3644 collegam
1002 3583 1104 3646 patris:
1118 3598 1160 3630 see
1172 3584 1192 3630 Ι.
1206 3596 1245 3643 24
1257 3596 1281 3646 a

227 3645 382 3693 Paconianus
397 3644 433 3706 (3.
450 3644 487 3708 5).
810 3649 888 3696 urbis
904 3684 910 3696 .
926 3684 932 3696 .
947 3684 953 3697 .
968 3649 1079 3696 munia:
1099 3656 1144 3697 not
1161 3665 1188 3697 as
1200 3656 1280 3711 prae·

260 3711 350 3759 lulius
392 3711 556 3758 Africanus:
605 3711 726 3774 probably
776 3713 858 3777 sectus
876 3714 947 3761 urbis
960 3714 1023 3776 (this
1036 3729 1087 3762 was
1104 3714 1197 3762 Lucius
1213 3715 1282 3772 Piso,

225 3775 306 3823 father
326 3775 355 3823 ol
374 3775 417 3823 the
438 3775 619 3838 distinguished
643 3784 725 3825 orator
780 3791 816 3825 ιο.
834 3777 873 3842 5),
891 3779 936 3826 but
954 3794 981 3826 as
1000 3779 1043 3827 the
1063 3781 1200 3843 emperor's
1219 3795 1281 3828 con-

225 3841 254 3888 os
262 3841 352 3888 Nero's
364 3841 423 3889 time
438 3840 536 3903 (Quint.
549 3857 571 3889 x.
587 3853 606 3889 1.
622 3840 691 3904 118).
777 3843 888 3891 fidential
901 3844 1006 3893 advisor.
