2834 4342
148 342 213 391 no.
227 341 278 405 19.]
622 340 773 389 mmsis.
1204 340 1251 391 171

148 504 319 580 assideret,
340 514 434 568 atrox
456 525 494 568 ac
518 504 696 568 dissentire
717 504 924 569 manifestus.
973 506 1049 569 Vox
1067 524 1199 588 quoque
1223 530 1238 577 5

149 609 219 673 eius
238 609 352 673 audita
370 618 422 672 est
441 608 475 672 in
495 608 655 684 convivio,
674 630 750 673 cum
769 610 856 692 apud
867 590 991 692 ‘regem
1017 610 1202 673 Nabataeo

150 735 222 777 rum
248 733 389 777 coronae
412 733 532 777 aureae
556 734 677 795 magno
701 714 847 795 pondere
871 710 1006 778 Caesari
1029 722 1064 777 et
1080 712 1203 796 Agrip

149 818 256 900 pinae‚
273 815 364 881 leves
389 816 501 881 Pisoni
525 826 559 881 et
583 816 703 881 ceteris
727 818 937 893 offerrentur,
954 817 1112 900 principis
1136 818 1203 881 Ro

150 921 248 996 mani,
265 941 332 984 non
357 920 469 983 Parthi
492 920 581 1003 regis
602 920 671 983 filio
690 940 748 985 eas
766 921 881 1003 epulas
900 921 991 999 dari;
1013 921 1202 1004 abiecitque

151 1024 248 1091 simul
265 1045 420 1089 coronam
437 1034 470 1087 et
488 1024 595 1091 multa
613 1024 647 1088 in
671 1024 783 1088 luxum
808 1025 942 1101 addidit,
959 1045 1045 1108 quae
1068 1024 1203 1089 Germa·

151 1129 225 1193 nico
242 1149 440 1212 quamquam
456 1129 577 1192 acerba
592 1128 820 1193 tolerabantur
835 1139 956 1194 tamen.

195 1234 289 1297 Inter
301 1253 384 1314 quae
401 1234 443 1297 ab
459 1252 538 1314 rege
555 1233 751 1295 Parthorum
764 1233 941 1298 Artabano
956 1233 1058 1315 legati
1069 1252 1201 1298 venere.
1216 1238 1254 1294 58

152 1337 290 1401 Miserat
321 1336 500 1400 amicitiam
527 1356 566 1400 ac
596 1337 715 1401 foedus
742 1344 991 1412 memoraturos
1020 1345 1054 1402 et
1081 1356 1202 1419 cupere

151 1439 302 1505 renovari
313 1442 456 1516 dextras,
471 1442 691 1522 daturumque
703 1441 822 1504 honori
836 1441 1034 1516 Germanici,
1048 1450 1085 1506 ut
1097 1441 1202 1523 ripam

153 1543 333 1627 Euphratis
364 1545 559 1609 accederet:
593 1553 708 1627 petere
739 1544 872 1609 interim
903 1566 946 1608 ne
976 1546 1137 1609 Vonones
1168 1543 1202 1606 in

154 1648 251 1713 Suria
269 1648 449 1711 haberetur
467 1669 532 1711 neu
552 1668 706 1730 proceres
729 1649 879 1731 gentium
905 1648 1098 1731 propinquis
1121 1668 1203 1711 nun-

151 1752 207 1817 tiis
226 1753 267 1815 ad
286 1751 466 1817 discordias
486 1753 641 1817 traheret.
689 1752 745 1815 Ad
765 1773 804 1815 ea
823 1752 1042 1817 Germanicus
1060 1753 1102 1815 de
1120 1751 1201 1815 soci·
1226 1779 1240 1812 2

152 1866 242 1921 etate
258 1857 484 1921 Romanorum
505 1856 767 1939 Parthorumque
790 1857 975 1939 magnifice,
993 1857 1034 1919 de
1057 1857 1202 1919 adventu

152 1960 240 2043 regis
267 1970 301 2023 et
329 1960 420 2024 cultu
447 1960 498 2023 sui
523 1980 598 2025 cum
624 1961 743 2025 decore
767 1981 806 2026 ac
833 1960 996 2024 modestia
1019 1960 1200 2043 respondit.

151 2064 312 2129 Vonones
326 2063 594 2147 Pompeiopolim,
607 2064 744 2128 Ciliciae
761 2064 959 2128 maritimam
976 2066 1101 2141 urbem,
1115 2085 1202 2127 amo
1225 2092 1240 2137 3

151 2178 207 2231 tus
230 2176 292 2231 est.
340 2168 464 2231 Datum
493 2168 527 2231 id
552 2188 619 2231 non
643 2169 742 2232 modo
766 2169 919 2251 precibus
943 2168 1118 2245 Artabani,
1143 2171 1202 2233 sed

152 2271 373 2335 contumeliae
404 2271 543 2347 Pisonis,
572 2272 625 2335 cui
656 2272 865 2355 gratissimus
893 2282 963 2335 erat
991 2273 1034 2335 ob
1061 2272 1203 2354 plurima

151 2376 260 2441 officia
275 2385 309 2440 et
325 2376 413 2439 dona
428 2376 548 2458 quibus
566 2374 757 2440 Plancinam
773 2377 976 2442 devinxerat.

197 2547 242 2609 M.
262 2546 376 2611 Silano
394 2547 430 2609 L.
450 2546 610 2609 Norbano
626 2545 817 2610 consulibus
835 2546 1052 2611 Germanicus
1069 2546 1204 2631 Aegyp-
1216 2555 1254 2609 59

151 2659 224 2714 tum
246 2648 468 2733 proficiscitur
489 2651 743 2733 cognoscendae
765 2650 983 2733 antiquitatis.
1033 2649 1100 2714 Sed
1124 2671 1203 2714 cura
1226 2681 1241 2712 2

151 2852 246 2901 iuvited
263 2858 290 2901 to
307 2851 339 2901 sit
355 2867 424 2916 upon
441 2852 485 2901 the
503 2851 610 2901 tribunal
623 2852 656 2915 by
736 2852 765 2901 ln
785 2852 891 2910 luxum,
910 2853 940 2900 in
960 2852 1153 2902 condemnation
1172 2851 1204 2919 ‘’Ji

151 2918 196 2967 the
207 2918 261 2967 side
272 2917 302 2967 of
311 2918 483 2967 Germanicus.
701 2924 761 2975 etc.;
783 2918 899 2981 pointing
910 2925 935 2966 at
946 2918 1118 2967 Germanicus.

186 2983 336 3034 dissentire
355 2984 538 3033 manifestus:
566 2998 581 3031 a
597 2999 655 3045 very
735 2981 784 3036 58.
804 2984 959 3033 amicitiam
968 2998 1002 3033 ae
1010 2984 1127 3033 foedus:
1139 2984 1171 3033 cf.
1183 2997 1204 3033 1.

151 3064 206 3097 rare
226 3049 344 3097 Graecism
369 3048 414 3113 (cs.
433 3056 558 3111 properus
578 3050 654 3097 clare·
734 3050 893 3098 accederet:
919 3051 957 3099 ic.
980 3050 1135 3108 Artabanus;
1161 3050 1204 3099 the

150 3130 223 3173 scere,
236 3116 280 3163 IV.
293 3127 332 3179 52.
345 3128 371 3173 23
394 3116 455 3163 Intr.
468 3126 498 3178 35
509 3114 544 3177 s).
701 3114 785 3163 clause
796 3115 817 3163 is
828 3115 871 3163 the
883 3115 966 3177 object
977 3115 1007 3163 of
1015 3116 1154 3165 daturum.

151 3181 493 3309 stultitiast?
502 3180 658 3310 ,titini
701 3182 877 3294 mddlm‘
963 3180 1064 3229 pau,
1085 3182 1136 3230 Μ
1158 3183 1204 3229 ‘¹¹'

246 3281 253 3304 ,
787 3283 793 3295 .

151 3312 279 3363 stretched
305 3312 369 3361 from
392 3313 530 3363 Damascus
558 3318 584 3360 to
612 3312 655 3359 the
736 3325 758 3361 2.
776 3313 854 3361 cultu
866 3313 919 3370 sui,
928 3313 967 3361 the
976 3313 1057 3362 honor
1067 3320 1090 3361 to
1101 3313 1127 3361 be
1133 3313 1204 3377 paid

152 3377 264 3424 confines
278 3377 306 3424 of
321 3378 411 3441 Egypt,
423 3378 516 3439 having
533 3378 606 3425 Petra
617 3378 655 3426 for
700 3386 724 3426 to
737 3378 844 3442 himselſs

151 3442 216 3491 their
228 3442 327 3505 capital.
355 3442 427 3504 They
435 3458 499 3491 were
512 3444 655 3506 conquered
735 3456 758 3505 3.
774 3445 1017 3508 Pompeiopolim:
1043 3445 1086 3493 the
1103 3444 1205 3493 ancient

150 3507 184 3569 by
192 3507 291 3569 Trajan,
299 3508 350 3557 and
361 3508 425 3556 their
434 3508 546 3571 territory
555 3510 655 3557 erected
702 3509 762 3567 Soli,
784 3525 800 3557 a
822 3510 872 3571 city
894 3510 923 3558 os
942 3511 1037 3567 Cilicia,
1060 3510 1149 3558 rebuilt
1172 3511 1205 3571 by

151 3572 205 3622 into
216 3573 260 3621 the
272 3574 390 3637 province
401 3574 502 3623 Arabia.
702 3576 820 3638 Pompey,
833 3575 896 3623 after
909 3575 1035 3637 subduing
1051 3576 1094 3624 the
1112 3575 1205 3639 pirates

185 3639 321 3703 principis
336 3640 467 3697 Romani,
479 3646 540 3689 etc.:
561 3640 599 3689 ia.
612 3640 654 3689 the
701 3641 731 3689 of
739 3641 833 3698 Cilicia,
846 3652 894 3690 ue.
906 3641 945 3704 67.

150 3705 263 3767 banquet
286 3705 337 3753 and
356 3712 469 3767 presente
488 3705 572 3755 would
591 3706 655 3754 have
735 3707 865 3756 Pisonis:
884 3706 1006 3768 objective
1021 3706 1138 3769 genitive.

150 3770 232 3819 better
251 3770 355 3819 befitted
377 3786 393 3819 a
415 3771 533 3824 Parthian
555 3771 617 3821 than
639 3786 655 3821 a
734 3772 929 3833 gratissimus:
949 3773 988 3821 ie.
1002 3774 1130 3821 Vonones.

151 3835 358 3901 Romanprince.
734 3835 784 3891 59.
815 3839 1031 3900 cognoscendae
1054 3839 1203 3903 antiquita·
