2834 4342
159 353 226 401 nl).
240 351 292 418 17.]
636 354 786 403 ANNALS.
1219 353 1265 405 165

161 516 366 599 Divisusque
404 516 579 593 exercitus,
611 526 649 581 ut
679 517 874 581 Tacfarinas
912 516 1018 582 lectos
1052 520 1140 582 viros
1178 527 1212 582 et
1237 548 1262 591 4,

163 622 353 683 Romanum
385 620 417 682 in
450 621 585 684 modum
616 631 762 684 armatos
786 618 904 685 castris
927 622 1097 698 attineret,
1119 622 1216 687 disci·

160 724 252 806 plina
271 733 304 787 et
323 723 470 807 imperiis
488 734 667 800 suesceret,
686 724 840 807 Mazippa
862 725 927 788 levi
950 746 1027 790 cum
1050 726 1146 808 copia
1168 727 1214 789 in-

162 828 279 891 cendia
301 837 334 891 et
356 829 475 891 caedes
503 838 537 891 et
564 837 724 892 terrorem
752 829 991 893 circumferret.
1040 829 1252 912 Compule-5

162 940 302 1014 rantque
316 931 492 1007 Cinithios,
506 932 594 995 haud
608 934 830 1015 spernendam
843 934 1023 1010 nationem,
1037 934 1072 997 in
1088 935 1213 1010 eadem,

162 1057 238 1100 cum
264 1036 384 1099 Furius
405 1036 564 1100 Camillus
588 1057 649 1118 pro
673 1037 809 1100 consule
829 1037 966 1101 Africae
989 1038 1156 1121 legionem
1180 1047 1214 1102 et

162 1141 250 1223 quod
270 1140 332 1203 sub
349 1140 454 1222 signis
473 1139 637 1204 sociorum
653 1140 685 1203 in
704 1154 808 1203 unum
825 1142 1008 1205 conductos
1025 1143 1066 1205 ad
1082 1143 1213 1205 hostem

162 1244 265 1319 duxit,
293 1244 456 1307 modicam
484 1265 628 1319 manum,
658 1244 686 1307 si
714 1245 961 1308 multitudinem
994 1246 1213 1309 Numidarum

163 1356 262 1430 atque
287 1349 478 1410 Maurorum
503 1357 690 1429 spectares;
719 1349 778 1411 sed
801 1348 883 1410 nihil
906 1369 1011 1431 aeque
1037 1351 1215 1412 cavebatur

162 1472 262 1533 quam
285 1471 328 1513 ne
351 1452 474 1513 bellum
499 1460 591 1513 metu
615 1451 808 1515 eluderent:
832 1473 891 1533 spe
907 1453 1065 1516 victoriae
1088 1453 1213 1516 inducti

163 1564 241 1618 sunt
258 1564 295 1619 ut
311 1555 530 1621 vincerentur.
581 1555 689 1636 Igitur
705 1554 793 1637 legio
812 1556 930 1631 medio,
947 1556 1037 1618 leves
1058 1557 1212 1619 cohortes
1237 1574 1252 1617 6

162 1660 313 1742 duaeque
343 1658 414 1721 alae
445 1658 479 1722 in
510 1658 665 1722 cornibus
696 1659 854 1723 locantur.
915 1660 987 1723 Nec
1017 1660 1251 1752 Tacfarinas7

162 1783 309 1845 pugnam
337 1762 543 1826 detrectavit.
605 1763 686 1826 Fusi
715 1763 890 1839 Numidae,
920 1764 1110 1845 multosque
1137 1773 1213 1845 post

162 1886 268 1930 annos
291 1866 392 1929 Furio
413 1866 539 1929 nomini
561 1876 691 1949 partum
714 1868 816 1931 decus
840 1867 983 1931 militiae.
1032 1869 1120 1931 Nam
1136 1878 1212 1950 post
1237 1886 1251 1928 a

163 1970 255 2035 illum
271 1970 525 2053 reciperatorem
540 1971 631 2033 urbis
644 1971 815 2053 filiumque
831 1971 902 2034 eius
916 1971 1093 2035 Camillum
1109 1992 1213 2054 penes

162 2073 242 2137 alias
265 2073 408 2137 familias
432 2073 643 2156 imperatoria
665 2072 736 2137 laus
756 2075 885 2151 fuerat;
912 2084 1012 2158 atque
1033 2075 1097 2151 hic,
1114 2096 1213 2159 quem

163 2198 394 2253 memoramus,
423 2177 586 2241 bellorum
613 2199 731 2259 expers
760 2179 951 2243 habebatur.
1000 2180 1051 2242 Eo
1078 2179 1213 2261 pronior
1236 2210 1251 2253 9

160 2283 192 2348 iT
195 2282 317 2345 iberius
339 2302 392 2345 res
411 2290 525 2363 gestas
544 2282 632 2364 apud
652 2292 806 2345 senatum
829 2282 1027 2359 celebravit,
1051 2292 1085 2347 et
1104 2284 1214 2348 decre-

161 2406 238 2449 vere
262 2395 373 2468 patres
396 2386 609 2467 triumphalia
633 2385 785 2468 insignia,
806 2387 894 2469 quod
918 2386 1059 2450 Camillo
1082 2388 1124 2451 ob
1147 2408 1214 2451 mo·

162 2488 302 2553 destiam
318 2490 407 2552 vitae
423 2489 558 2570 impune
574 2489 645 2553 fuit.

193 2685 218 2732 4.
236 2672 374 2731 attineret,
382 2670 585 2729 helciafavorite
597 2672 666 2721 word
745 2671 768 2721 6.
791 2672 870 2721 leves
909 2673 1041 2721 cohortes
1085 2674 1214 2736 duaeque

161 2738 220 2786 with
232 2738 341 2786 Tacitus.
712 2738 786 2787 alae:
807 2738 878 2785 these
894 2754 959 2785 were
978 2739 1095 2800 auxiliary
1112 2746 1210 2802 troops;

195 2802 359 2867 disciplina:
390 2810 533 2852 suesceret
561 2802 582 2850 is
604 2804 665 2851 used
713 2804 812 2851 Roman
834 2810 919 2866 troops
942 2818 1007 2851 were
1031 2804 1164 2865 organized
1188 2805 1214 2853 in

161 2868 222 2915 here
240 2884 267 2916 as
285 2885 299 2916 a
316 2868 442 2916 transitive
460 2868 528 2926 verb,
540 2869 590 2916 and
605 2869 664 2916 with
711 2868 834 2931 maniples
846 2868 875 2916 of
888 2868 1003 2931 infantry,
1015 2871 1065 2918 and
1076 2877 1178 2918 turmae
1189 2870 1218 2919 of

162 2934 203 2981 the
220 2934 336 2992 ablative,
348 2933 399 2982 like
415 2934 555 2981 adsuescere
562 2950 573 2989 ,·
591 2949 665 2996 many
712 2934 817 2996 cavalry.

162 3000 270 3047 editions
282 3000 379 3061 change
391 3005 418 3047 to
429 3000 588 3061 disciplinae.
745 2999 768 3049 8.
788 3000 1003 3064 reciperatorem
1037 3001 1130 3050 urbis:
1172 3001 1215 3050 the

195 3076 218 3128 5.
236 3064 391 3113 Cinithios:
411 3065 482 3113 these
494 3064 560 3113 lived
570 3064 665 3113 further
711 3073 782 3127 great
798 3066 924 3124 Camillus,
941 3066 998 3114 who
1016 3068 1151 3116 recovered
1171 3067 1214 3115 the

161 3137 221 3187 east,
234 3146 295 3177 near
306 3130 348 3178 the
361 3130 451 3178 Lesser
463 3130 546 3192 Syrtis.
712 3130 762 3193 city
773 3130 836 3180 aster
852 3131 885 3179 its
902 3138 1005 3195 capture
1021 3132 1055 3194 by
1068 3132 1110 3181 the
1129 3133 1214 3192 Gauls,

194 3210 244 3258 pro
257 3196 375 3244 consule
388 3196 512 3244 Africae:
527 3195 576 3244 this
588 3196 609 3244 is
621 3197 664 3244 the
711 3208 758 3245 uc.
772 3209 828 3259 390.
855 3198 911 3245 The
923 3198 1015 3246 Lucius
1027 3199 1145 3247 Camillus
1157 3199 1214 3246 who

161 3260 266 3322 original
283 3261 333 3308 and
351 3267 446 3309 correct
463 3269 535 3319 term,
547 3262 589 3310 the
607 3277 664 3325 pro·
711 3261 854 3325 triumphed
877 3275 932 3313 uc.
949 3262 997 3326 338
1019 3280 1069 3313 was
1093 3264 1215 3328 probably

161 3325 248 3373 consul
260 3326 345 3387 acting
356 3325 395 3373 for
406 3327 449 3375 the
461 3327 556 3375 consul.
711 3334 756 3375 not
768 3328 806 3376 bis
817 3344 871 3387 son,
883 3330 928 3377 but
939 3331 1074 3391 grandson.

194 3399 352 3453 spectares:
383 3392 538 3453 subjunctive
567 3392 596 3440 of
626 3393 663 3441 in·
743 3394 881 3443 familias:
902 3395 1003 3443 Publius
1021 3396 1109 3444 Furius
1130 3396 1214 3444 Philus

160 3456 261 3504 definite
276 3455 380 3518 subject,
392 3457 418 3504 in
436 3457 479 3505 the
496 3459 591 3507 second
608 3474 663 3522 per·
711 3460 854 3523 triumphed
881 3472 929 3509 uc.
959 3474 1014 3523 223,
1042 3462 1093 3510 and
1122 3462 1214 3510 Lucius

159 3521 352 3637 wiriiiiileafi:
379 3588 417 3637 ae.
441 3588 483 3636 the
506 3589 663 3648 humidans,
710 3526 816 3640 iiiia}
827 3527 1214 3656 frustrabuntur

159 3653 202 3701 “is
227 3669 243 3701 a
270 3653 352 3715 larger
380 3654 448 3703 force
476 3670 527 3704 was
555 3655 664 3717 brought
710 3658 1059 3722 same-familyasCamillus.

158 3719 257 3781 against
285 3719 377 3768 them.”
413 3721 551 3770 Fumeaux.
607 3722 662 3770 The
742 3736 766 3784 9.
786 3723 969 3788 triumphalia
997 3724 1136 3786 insignia:
1171 3739 1214 3774 see

158 3783 229 3832 chief
243 3784 315 3847 point
332 3783 358 3832 in
375 3785 414 3834 his
431 3793 539 3850 strategy
550 3803 601 3837 was
618 3794 663 3837 not
710 3788 847 3852 I.72.1n.

157 3854 184 3899 to
196 3847 329 3899 alarmthe
342 3866 438 3915 enemy.
742 3855 874 3919 impune:
895 3857 933 3904 ia.
945 3856 995 3904 this
1006 3856 1151 3904 distinction
1168 3857 1213 3906 did
