<?xml version="1.0" encoding="UTF-8"?>
<!DOCTYPE html PUBLIC "-//W3C//DTD XHTML 1.0 Transitional//EN"
    "http://www.w3.org/TR/xhtml1/DTD/xhtml1-transitional.dtd">
<html xmlns="http://www.w3.org/1999/xhtml" xml:lang="en" lang="en">
 <head>
  <title>
</title>
<meta http-equiv="Content-Type" content="text/html;charset=utf-8" />
  <meta name='ocr-system' content='tesseract 3.04.00' />
  <meta name='ocr-capabilities' content='ocr_page ocr_carea ocr_par ocr_line ocrx_word'/>
</head>
<body>
  <div class='ocr_page' id='page_1' title='image "annalsbooksivi01tacigoog_0409.png"; bbox 0 0 2834 4342; ppageno 0'>
   <div class='ocr_carea' id='block_1_1' title="bbox 141 325 1247 392">
    <p class='ocr_par' dir='ltr' id='par_1_1' title="bbox 141 325 1247 392">
     <span class='ocr_line' id='line_1_1' title="bbox 141 325 1247 392; baseline 0.001 -16"><span class='ocrx_word' id='word_1_1' title='bbox 141 328 273 392; x_wconf 53' lang='grc' dir='ltr'>ΑΜ]</span> <span class='ocrx_word' id='word_1_2' title='bbox 618 327 767 378; x_wconf 82' lang='lat' dir='ltr'>ANNALs.</span> <span class='ocrx_word' id='word_1_3' title='bbox 1199 325 1247 377; x_wconf 81' lang='lat'>36³</span> 
     </span>
    </p>
   </div>
   <div class='ocr_carea' id='block_1_2' title="bbox 142 490 1237 2960">
    <p class='ocr_par' dir='ltr' id='par_1_2' title="bbox 142 490 1237 1923">
     <span class='ocr_line' id='line_1_2' title="bbox 142 490 1195 575; baseline 0 -21"><span class='ocrx_word' id='word_1_4' title='bbox 142 502 243 575; x_wconf 86' lang='lat' dir='ltr'>atque</span> <span class='ocrx_word' id='word_1_5' title='bbox 266 491 393 574; x_wconf 89' lang='lat' dir='ltr'>flagitia</span> <span class='ocrx_word' id='word_1_6' title='bbox 415 511 476 555; x_wconf 89' lang='lat' dir='ltr'>sua</span> <span class='ocrx_word' id='word_1_7' title='bbox 498 491 562 573; x_wconf 92' lang='lat' dir='ltr'>ipsi</span> <span class='ocrx_word' id='word_1_8' title='bbox 586 512 716 574; x_wconf 92' lang='lat' dir='ltr'>quoque</span> <span class='ocrx_word' id='word_1_9' title='bbox 740 491 774 553; x_wconf 93' lang='lat' dir='ltr'>in</span> <span class='ocrx_word' id='word_1_10' title='bbox 798 490 997 573; x_wconf 92' lang='lat' dir='ltr'>supplicium</span> <span class='ocrx_word' id='word_1_11' title='bbox 1017 498 1195 555; x_wconf 90' lang='lat' dir='ltr'>verterant.</span> 
     </span>
     <span class='ocr_line' id='line_1_3' title="bbox 144 594 1198 678; baseline -0.001 -21"><span class='ocrx_word' id='word_1_12' title='bbox 144 597 264 678; x_wconf 85' lang='lat' dir='ltr'><strong>Neque</strong></span> <span class='ocrx_word' id='word_1_13' title='bbox 286 596 411 659; x_wconf 84' lang='lat' dir='ltr'>frustra</span> <span class='ocrx_word' id='word_1_14' title='bbox 433 595 741 677; x_wconf 88' lang='lat' dir='ltr'>praestantissimus</span> <span class='ocrx_word' id='word_1_15' title='bbox 765 594 948 678; x_wconf 84' lang='lat' dir='ltr'>sapientiae</span> <span class='ocrx_word' id='word_1_16' title='bbox 970 595 1101 657; x_wconf 90' lang='lat' dir='ltr'>firmare</span> <span class='ocrx_word' id='word_1_17' title='bbox 1124 594 1198 657; x_wconf 91' lang='lat' dir='ltr'>soli-</span> 
     </span>
     <span class='ocr_line' id='line_1_4' title="bbox 143 697 1198 783; baseline -0.001 -22"><span class='ocrx_word' id='word_1_18' title='bbox 143 709 198 762; x_wconf 90' lang='lat' dir='ltr'>tus</span> <span class='ocrx_word' id='word_1_19' title='bbox 218 709 279 774; x_wconf 89' lang='lat' dir='ltr'>est,</span> <span class='ocrx_word' id='word_1_20' title='bbox 297 697 326 762; x_wconf 91' lang='lat' dir='ltr'>si</span> <span class='ocrx_word' id='word_1_21' title='bbox 345 699 558 762; x_wconf 78' lang='lat' dir='ltr'>&#39;recludantur</span> <span class='ocrx_word' id='word_1_22' title='bbox 573 708 789 783; x_wconf 91' lang='lat' dir='ltr'>tyrannorum</span> <span class='ocrx_word' id='word_1_23' title='bbox 814 709 955 774; x_wconf 91' lang='lat' dir='ltr'>mentes,</span> <span class='ocrx_word' id='word_1_24' title='bbox 972 718 1071 780; x_wconf 91' lang='lat' dir='ltr'>posse</span> <span class='ocrx_word' id='word_1_25' title='bbox 1094 697 1198 779; x_wconf 88' lang='lat' dir='ltr'>aspici</span> 
     </span>
     <span class='ocr_line' id='line_1_5' title="bbox 143 802 1199 886; baseline 0.001 -21"><span class='ocrx_word' id='word_1_26' title='bbox 143 802 288 866; x_wconf 89' lang='lat' dir='ltr'>laniatus</span> <span class='ocrx_word' id='word_1_27' title='bbox 319 811 352 867; x_wconf 90' lang='lat' dir='ltr'>et</span> <span class='ocrx_word' id='word_1_28' title='bbox 383 803 479 878; x_wconf 76' lang='lat' dir='ltr'>ictus</span> <span class='ocrx_word' id='word_1_29' title='bbox 512 804 643 886; x_wconf 90' lang='lat' dir='ltr'>quando</span> <span class='ocrx_word' id='word_1_30' title='bbox 676 812 712 865; x_wconf 94' lang='lat' dir='ltr'>ut</span> <span class='ocrx_word' id='word_1_31' title='bbox 749 823 887 885; x_wconf 90' lang='lat' dir='ltr'>corpora</span> <span class='ocrx_word' id='word_1_32' title='bbox 916 802 1120 877; x_wconf 91' lang='lat' dir='ltr'>verberibus,</span> <span class='ocrx_word' id='word_1_33' title='bbox 1151 802 1199 866; x_wconf 90' lang='lat' dir='ltr'>ita</span> 
     </span>
     <span class='ocr_line' id='line_1_6' title="bbox 145 906 1196 971; baseline 0.001 -3"><span class='ocrx_word' id='word_1_34' title='bbox 145 906 284 970; x_wconf 90' lang='lat' dir='ltr'>saevitia</span> <span class='ocrx_word' id='word_1_35' title='bbox 317 906 455 969; x_wconf 90' lang='lat' dir='ltr'>libidine</span> <span class='ocrx_word' id='word_1_36' title='bbox 489 907 584 969; x_wconf 91' lang='lat' dir='ltr'>malis</span> <span class='ocrx_word' id='word_1_37' title='bbox 622 906 784 970; x_wconf 89' lang='lat' dir='ltr'>consultis</span> <span class='ocrx_word' id='word_1_38' title='bbox 822 906 953 971; x_wconf 92' lang='lat' dir='ltr'>animus</span> <span class='ocrx_word' id='word_1_39' title='bbox 989 906 1196 970; x_wconf 87' lang='lat' dir='ltr'>dilaceretur.</span> 
     </span>
     <span class='ocr_line' id='line_1_7' title="bbox 146 1009 1236 1092; baseline 0 -20"><span class='ocrx_word' id='word_1_40' title='bbox 146 1009 280 1092; x_wconf 81' lang='lat' dir='ltr'>Quippe</span> <span class='ocrx_word' id='word_1_41' title='bbox 295 1009 468 1074; x_wconf 89' lang='lat' dir='ltr'>Tiberium</span> <span class='ocrx_word' id='word_1_42' title='bbox 485 1030 552 1072; x_wconf 91' lang='lat' dir='ltr'>non</span> <span class='ocrx_word' id='word_1_43' title='bbox 575 1009 719 1085; x_wconf 82' lang='lat' dir='ltr'>fortuna,</span> <span class='ocrx_word' id='word_1_44' title='bbox 737 1030 804 1073; x_wconf 91' lang='lat' dir='ltr'>non</span> <span class='ocrx_word' id='word_1_45' title='bbox 828 1010 1025 1074; x_wconf 86' lang='lat' dir='ltr'>solitudines</span> <span class='ocrx_word' id='word_1_46' title='bbox 1048 1019 1198 1092; x_wconf 88' lang='lat' dir='ltr'>protege·</span> <span class='ocrx_word' id='word_1_47' title='bbox 1221 1038 1236 1083; x_wconf 84' lang='lat'>3</span> 
     </span>
     <span class='ocr_line' id='line_1_8' title="bbox 145 1112 1198 1196; baseline 0.001 -20"><span class='ocrx_word' id='word_1_48' title='bbox 145 1113 226 1177; x_wconf 91' lang='lat' dir='ltr'>bant</span> <span class='ocrx_word' id='word_1_49' title='bbox 242 1113 321 1196; x_wconf 92' lang='lat' dir='ltr'>quin</span> <span class='ocrx_word' id='word_1_50' title='bbox 337 1123 506 1176; x_wconf 89' lang='lat' dir='ltr'>tormenta</span> <span class='ocrx_word' id='word_1_51' title='bbox 520 1114 665 1195; x_wconf 91' lang='lat' dir='ltr'>pectoris</span> <span class='ocrx_word' id='word_1_52' title='bbox 682 1134 825 1196; x_wconf 91' lang='lat' dir='ltr'>suasque</span> <span class='ocrx_word' id='word_1_53' title='bbox 841 1113 913 1196; x_wconf 91' lang='lat' dir='ltr'>ipse</span> <span class='ocrx_word' id='word_1_54' title='bbox 932 1133 1056 1194; x_wconf 89' lang='lat' dir='ltr'>poenas</span> <span class='ocrx_word' id='word_1_55' title='bbox 1078 1112 1198 1177; x_wconf 85' lang='lat' dir='ltr'>fatere·</span> 
     </span>
     <span class='ocr_line' id='line_1_9' title="bbox 145 1216 1237 1299; baseline -0.001 -19"><span class='ocrx_word' id='word_1_56' title='bbox 145 1226 206 1281; x_wconf 91' lang='lat' dir='ltr'>tur.</span> <span class='ocrx_word' id='word_1_57' title='bbox 265 1217 353 1280; x_wconf 92' lang='lat' dir='ltr'>Tum</span> <span class='ocrx_word' id='word_1_58' title='bbox 384 1217 474 1280; x_wconf 82' lang='lat' dir='ltr'>facta</span> <span class='ocrx_word' id='word_1_59' title='bbox 503 1217 654 1298; x_wconf 92' lang='lat' dir='ltr'>patribus</span> <span class='ocrx_word' id='word_1_60' title='bbox 685 1226 854 1299; x_wconf 88' lang='lat' dir='ltr'>potestate</span> <span class='ocrx_word' id='word_1_61' title='bbox 884 1216 1055 1280; x_wconf 90' lang='lat' dir='ltr'>statuendi</span> <span class='ocrx_word' id='word_1_62' title='bbox 1085 1217 1127 1279; x_wconf 90' lang='lat' dir='ltr'>de</span> <span class='ocrx_word' id='word_1_63' title='bbox 1159 1216 1195 1280; x_wconf 91' lang='lat' dir='ltr'>C.</span> <span class='ocrx_word' id='word_1_64' title='bbox 1222 1223 1237 1279; x_wconf 74' lang='grc'><strong>7</strong></span> 
     </span>
     <span class='ocr_line' id='line_1_10' title="bbox 146 1317 1198 1404; baseline -0.001 -20"><span class='ocrx_word' id='word_1_65' title='bbox 146 1320 336 1384; x_wconf 90' lang='lat' dir='ltr'>Caeciliano</span> <span class='ocrx_word' id='word_1_66' title='bbox 374 1329 538 1396; x_wconf 86' lang='lat' dir='ltr'>senatore,</span> <span class='ocrx_word' id='word_1_67' title='bbox 577 1320 633 1404; x_wconf 92' lang='lat' dir='ltr'>qui</span> <span class='ocrx_word' id='word_1_68' title='bbox 671 1321 813 1402; x_wconf 90' lang='lat' dir='ltr'>plurima</span> <span class='ocrx_word' id='word_1_69' title='bbox 846 1321 1025 1383; x_wconf 74' lang='lat' dir='ltr'>&#39;adversum</span> <span class='ocrx_word' id='word_1_70' title='bbox 1064 1317 1198 1383; x_wconf 88' lang='lat' dir='ltr'>Cottam</span> 
     </span>
     <span class='ocr_line' id='line_1_11' title="bbox 144 1417 1198 1506; baseline -0.001 -19"><span class='ocrx_word' id='word_1_71' title='bbox 144 1434 362 1506; x_wconf 87' lang='lat' dir='ltr'>prompserat,</span> <span class='ocrx_word' id='word_1_72' title='bbox 377 1417 538 1506; x_wconf 81' lang='lat' dir='ltr'>¹placitum</span> <span class='ocrx_word' id='word_1_73' title='bbox 556 1425 695 1487; x_wconf 86' lang='lat' dir='ltr'>eandem</span> <span class='ocrx_word' id='word_1_74' title='bbox 719 1444 860 1506; x_wconf 89' lang='lat' dir='ltr'>poenam</span> <span class='ocrx_word' id='word_1_75' title='bbox 882 1423 1018 1505; x_wconf 85' lang='lat' dir='ltr'>irrogari</span> <span class='ocrx_word' id='word_1_76' title='bbox 1042 1444 1141 1506; x_wconf 91' lang='lat' dir='ltr'>quam</span> <span class='ocrx_word' id='word_1_77' title='bbox 1165 1423 1198 1487; x_wconf 92' lang='lat' dir='ltr'>in</span> 
     </span>
     <span class='ocr_line' id='line_1_12' title="bbox 145 1526 1199 1610; baseline -0.002 -19"><span class='ocrx_word' id='word_1_78' title='bbox 145 1528 327 1591; x_wconf 90' lang='lat' dir='ltr'>Aruseium</span> <span class='ocrx_word' id='word_1_79' title='bbox 347 1537 380 1591; x_wconf 91' lang='lat' dir='ltr'>et</span> <span class='ocrx_word' id='word_1_80' title='bbox 402 1527 630 1610; x_wconf 88' lang='lat' dir='ltr'>Sanquinium,</span> <span class='ocrx_word' id='word_1_81' title='bbox 648 1538 860 1592; x_wconf 87' lang='lat' dir='ltr'>accusatores</span> <span class='ocrx_word' id='word_1_82' title='bbox 878 1528 915 1590; x_wconf 91' lang='lat' dir='ltr'>L.</span> <span class='ocrx_word' id='word_1_83' title='bbox 934 1526 1110 1590; x_wconf 88' lang='lat' dir='ltr'>Arruntii:</span> <span class='ocrx_word' id='word_1_84' title='bbox 1133 1546 1199 1610; x_wconf 93' lang='lat' dir='ltr'>quo</span> 
     </span>
     <span class='ocr_line' id='line_1_13' title="bbox 145 1630 1200 1714; baseline -0.001 -20"><span class='ocrx_word' id='word_1_85' title='bbox 145 1653 212 1695; x_wconf 91' lang='lat' dir='ltr'>non</span> <span class='ocrx_word' id='word_1_86' title='bbox 228 1631 317 1694; x_wconf 90' lang='lat' dir='ltr'>aliud</span> <span class='ocrx_word' id='word_1_87' title='bbox 334 1631 607 1694; x_wconf 88' lang='lat' dir='ltr'>honorificentius</span> <span class='ocrx_word' id='word_1_88' title='bbox 626 1632 747 1696; x_wconf 91' lang='lat' dir='ltr'>Cottae</span> <span class='ocrx_word' id='word_1_89' title='bbox 771 1631 891 1706; x_wconf 91' lang='lat' dir='ltr'>evenit,</span> <span class='ocrx_word' id='word_1_90' title='bbox 909 1631 964 1714; x_wconf 93' lang='lat' dir='ltr'>qui</span> <span class='ocrx_word' id='word_1_91' title='bbox 988 1630 1109 1694; x_wconf 93' lang='lat' dir='ltr'>nobilis</span> <span class='ocrx_word' id='word_1_92' title='bbox 1132 1630 1200 1713; x_wconf 91' lang='lat' dir='ltr'>qui-</span> 
     </span>
     <span class='ocr_line' id='line_1_14' title="bbox 145 1734 1199 1817; baseline -0.002 -18"><span class='ocrx_word' id='word_1_93' title='bbox 145 1736 231 1810; x_wconf 91' lang='lat' dir='ltr'>dem,</span> <span class='ocrx_word' id='word_1_94' title='bbox 250 1736 309 1798; x_wconf 90' lang='lat' dir='ltr'>sed</span> <span class='ocrx_word' id='word_1_95' title='bbox 328 1755 432 1817; x_wconf 88' lang='lat' dir='ltr'>egens</span> <span class='ocrx_word' id='word_1_96' title='bbox 452 1735 494 1796; x_wconf 92' lang='lat' dir='ltr'>ob</span> <span class='ocrx_word' id='word_1_97' title='bbox 514 1736 637 1809; x_wconf 92' lang='lat' dir='ltr'>luxum,</span> <span class='ocrx_word' id='word_1_98' title='bbox 654 1755 714 1816; x_wconf 89' lang='lat' dir='ltr'>per</span> <span class='ocrx_word' id='word_1_99' title='bbox 730 1735 856 1817; x_wconf 86' lang='lat' dir='ltr'>flagitia</span> <span class='ocrx_word' id='word_1_100' title='bbox 871 1735 1014 1811; x_wconf 84' lang='lat' dir='ltr'>infamis,</span> <span class='ocrx_word' id='word_1_101' title='bbox 1031 1734 1199 1798; x_wconf 88' lang='lat' dir='ltr'>sanctissi-</span> 
     </span>
     <span class='ocr_line' id='line_1_15' title="bbox 146 1838 1173 1923; baseline -0.002 -20"><span class='ocrx_word' id='word_1_102' title='bbox 146 1839 209 1904; x_wconf 92' lang='lat' dir='ltr'>mis</span> <span class='ocrx_word' id='word_1_103' title='bbox 226 1839 381 1902; x_wconf 89' lang='lat' dir='ltr'>Arruntii</span> <span class='ocrx_word' id='word_1_104' title='bbox 397 1839 524 1902; x_wconf 90' lang='lat' dir='ltr'>artibus</span> <span class='ocrx_word' id='word_1_105' title='bbox 541 1838 705 1920; x_wconf 89' lang='lat' dir='ltr'>dignitate</span> <span class='ocrx_word' id='word_1_106' title='bbox 722 1838 858 1902; x_wconf 92' lang='lat' dir='ltr'>ultionis</span> <span class='ocrx_word' id='word_1_107' title='bbox 874 1840 1086 1923; x_wconf 90' lang='lat' dir='ltr'>aequabatur.</span> <span class='ocrx_word' id='word_1_108' title='bbox 1168 1903 1173 1918; x_wconf 62' lang='lat'>,</span> 
     </span>
    </p>

    <p class='ocr_par' dir='ltr' id='par_1_3' title="bbox 144 1942 1236 2960">
     <span class='ocr_line' id='line_1_16' title="bbox 191 1942 1236 2025; baseline -0.003 -18"><span class='ocrx_word' id='word_1_109' title='bbox 191 1944 232 2025; x_wconf 87' lang='lat' dir='ltr'><strong>Q.</strong></span> <span class='ocrx_word' id='word_1_110' title='bbox 259 1943 424 2007; x_wconf 89' lang='lat' dir='ltr'>Servaeus</span> <span class='ocrx_word' id='word_1_111' title='bbox 448 1943 588 2024; x_wconf 89' lang='lat' dir='ltr'>posthac</span> <span class='ocrx_word' id='word_1_112' title='bbox 611 1951 645 2005; x_wconf 89' lang='lat' dir='ltr'>et</span> <span class='ocrx_word' id='word_1_113' title='bbox 670 1942 839 2006; x_wconf 89' lang='lat' dir='ltr'>Minucius</span> <span class='ocrx_word' id='word_1_114' title='bbox 865 1942 1032 2006; x_wconf 89' lang='lat' dir='ltr'>Thermus</span> <span class='ocrx_word' id='word_1_115' title='bbox 1059 1942 1195 2018; x_wconf 91' lang='lat' dir='ltr'>inducti,</span> <span class='ocrx_word' id='word_1_116' title='bbox 1222 1972 1236 2004; x_wconf 64' lang='grc' dir='ltr'><em>η</em></span> 
     </span>
     <span class='ocr_line' id='line_1_17' title="bbox 147 2046 1198 2129; baseline -0.003 -17"><span class='ocrx_word' id='word_1_117' title='bbox 147 2047 311 2112; x_wconf 88' lang='lat' dir='ltr'>Servaeus</span> <span class='ocrx_word' id='word_1_118' title='bbox 351 2057 507 2129; x_wconf 90' lang='lat' dir='ltr'>praetura</span> <span class='ocrx_word' id='word_1_119' title='bbox 548 2046 686 2110; x_wconf 83' lang='lat' dir='ltr'>iunctus</span> <span class='ocrx_word' id='word_1_120' title='bbox 726 2055 759 2110; x_wconf 90' lang='lat' dir='ltr'>et</span> <span class='ocrx_word' id='word_1_121' title='bbox 800 2047 967 2129; x_wconf 92' lang='lat' dir='ltr'>quondam</span> <span class='ocrx_word' id='word_1_122' title='bbox 1008 2046 1198 2111; x_wconf 89' lang='lat' dir='ltr'>Germanici</span> 
     </span>
     <span class='ocr_line' id='line_1_18' title="bbox 147 2149 1198 2233; baseline -0.002 -18"><span class='ocrx_word' id='word_1_123' title='bbox 147 2171 268 2226; x_wconf 79' lang='lat' dir='ltr'>comeS,</span> <span class='ocrx_word' id='word_1_124' title='bbox 296 2149 464 2214; x_wconf 91' lang='lat' dir='ltr'>Minucius</span> <span class='ocrx_word' id='word_1_125' title='bbox 488 2151 634 2233; x_wconf 86' lang='lat' dir='ltr'>equestri</span> <span class='ocrx_word' id='word_1_126' title='bbox 657 2150 739 2226; x_wconf 72' lang='lat' dir='ltr'>loco</span> <span class='ocrx_word' id='word_1_127' title='bbox 765 2151 916 2213; x_wconf 88' lang='lat' dir='ltr'>modeste</span> <span class='ocrx_word' id='word_1_128' title='bbox 943 2150 1058 2214; x_wconf 89' lang='lat' dir='ltr'>habita</span> <span class='ocrx_word' id='word_1_129' title='bbox 1087 2150 1198 2215; x_wconf 90' lang='lat' dir='ltr'>Seiani</span> 
     </span>
     <span class='ocr_line' id='line_1_19' title="bbox 146 2254 1235 2331; baseline 0.001 -14"><span class='ocrx_word' id='word_1_130' title='bbox 146 2254 310 2331; x_wconf 89' lang='lat' dir='ltr'>amicitia;</span> <span class='ocrx_word' id='word_1_131' title='bbox 338 2256 426 2319; x_wconf 89' lang='lat' dir='ltr'>unde</span> <span class='ocrx_word' id='word_1_132' title='bbox 450 2254 515 2317; x_wconf 90' lang='lat' dir='ltr'>illis</span> <span class='ocrx_word' id='word_1_133' title='bbox 539 2254 643 2318; x_wconf 92' lang='lat' dir='ltr'>maior</span> <span class='ocrx_word' id='word_1_134' title='bbox 667 2254 844 2318; x_wconf 83' lang='lat' dir='ltr'>miseratio</span> <span class='ocrx_word' id='word_1_135' title='bbox 893 2254 1020 2318; x_wconf 89' lang='lat' dir='ltr'>Contra</span> <span class='ocrx_word' id='word_1_136' title='bbox 1042 2254 1197 2320; x_wconf 89' lang='lat' dir='ltr'>Tiberius</span> <span class='ocrx_word' id='word_1_137' title='bbox 1221 2285 1235 2330; x_wconf 81' lang='lat'>3</span> 
     </span>
     <span class='ocr_line' id='line_1_20' title="bbox 145 2358 1198 2442; baseline 0 -20"><span class='ocrx_word' id='word_1_138' title='bbox 145 2359 342 2442; x_wconf 90' lang='lat' dir='ltr'>praecipuos</span> <span class='ocrx_word' id='word_1_139' title='bbox 366 2359 407 2422; x_wconf 92' lang='lat' dir='ltr'>ad</span> <span class='ocrx_word' id='word_1_140' title='bbox 433 2358 558 2421; x_wconf 92' lang='lat' dir='ltr'>scelera</span> <span class='ocrx_word' id='word_1_141' title='bbox 585 2358 761 2440; x_wconf 88' lang='lat' dir='ltr'>increpans</span> <span class='ocrx_word' id='word_1_142' title='bbox 787 2359 959 2422; x_wconf 87' lang='lat' dir='ltr'>admonuit</span> <span class='ocrx_word' id='word_1_143' title='bbox 984 2358 1020 2423; x_wconf 90' lang='lat' dir='ltr'>C.</span> <span class='ocrx_word' id='word_1_144' title='bbox 1047 2358 1198 2422; x_wconf 91' lang='lat' dir='ltr'>Cestium</span> 
     </span>
     <span class='ocr_line' id='line_1_21' title="bbox 145 2462 1199 2545; baseline 0.001 -20"><span class='ocrx_word' id='word_1_145' title='bbox 145 2471 273 2545; x_wconf 88' lang='lat' dir='ltr'>patrem</span> <span class='ocrx_word' id='word_1_146' title='bbox 292 2462 401 2525; x_wconf 88' lang='lat' dir='ltr'>dicere</span> <span class='ocrx_word' id='word_1_147' title='bbox 420 2462 551 2525; x_wconf 89' lang='lat' dir='ltr'>senatui</span> <span class='ocrx_word' id='word_1_148' title='bbox 574 2482 658 2544; x_wconf 90' lang='lat' dir='ltr'>quae</span> <span class='ocrx_word' id='word_1_149' title='bbox 682 2462 746 2525; x_wconf 92' lang='lat' dir='ltr'>sibi</span> <span class='ocrx_word' id='word_1_150' title='bbox 769 2463 967 2545; x_wconf 87' lang='lat' dir='ltr'>scripsisset,</span> <span class='ocrx_word' id='word_1_151' title='bbox 985 2463 1199 2545; x_wconf 90' lang='lat' dir='ltr'>suscepitque</span> 
     </span>
     <span class='ocr_line' id='line_1_22' title="bbox 147 2565 1236 2649; baseline 0.001 -20"><span class='ocrx_word' id='word_1_152' title='bbox 147 2566 281 2630; x_wconf 88' lang='lat' dir='ltr'>Cestius</span> <span class='ocrx_word' id='word_1_153' title='bbox 306 2565 562 2630; x_wconf 89' lang='lat' dir='ltr'>accusationem.</span> <span class='ocrx_word' id='word_1_154' title='bbox 612 2566 711 2649; x_wconf 81' lang='lat' dir='ltr'>Quod</span> <span class='ocrx_word' id='word_1_155' title='bbox 735 2567 878 2629; x_wconf 85' lang='lat' dir='ltr'>maxime</span> <span class='ocrx_word' id='word_1_156' title='bbox 901 2566 1068 2629; x_wconf 86' lang='lat' dir='ltr'>exitiabile</span> <span class='ocrx_word' id='word_1_157' title='bbox 1091 2566 1197 2630; x_wconf 89' lang='lat' dir='ltr'>tulere</span> <span class='ocrx_word' id='word_1_158' title='bbox 1220 2597 1236 2640; x_wconf 82' lang='lat'>4</span> 
     </span>
     <span class='ocr_line' id='line_1_23' title="bbox 145 2668 1200 2751; baseline 0 -19"><span class='ocrx_word' id='word_1_159' title='bbox 145 2669 202 2733; x_wconf 91' lang='lat' dir='ltr'>illa</span> <span class='ocrx_word' id='word_1_160' title='bbox 225 2680 383 2751; x_wconf 90' lang='lat' dir='ltr'>tempora,</span> <span class='ocrx_word' id='word_1_161' title='bbox 401 2690 476 2732; x_wconf 92' lang='lat' dir='ltr'>cum</span> <span class='ocrx_word' id='word_1_162' title='bbox 500 2668 662 2750; x_wconf 89' lang='lat' dir='ltr'>primores</span> <span class='ocrx_word' id='word_1_163' title='bbox 686 2680 824 2733; x_wconf 89' lang='lat' dir='ltr'>senatus</span> <span class='ocrx_word' id='word_1_164' title='bbox 848 2669 979 2732; x_wconf 89' lang='lat' dir='ltr'>infimas</span> <span class='ocrx_word' id='word_1_165' title='bbox 998 2669 1098 2732; x_wconf 88' lang='lat' dir='ltr'>etiam</span> <span class='ocrx_word' id='word_1_166' title='bbox 1115 2669 1200 2732; x_wconf 90' lang='lat' dir='ltr'>dela-</span> 
     </span>
     <span class='ocr_line' id='line_1_24' title="bbox 144 2772 1198 2855; baseline -0.002 -18"><span class='ocrx_word' id='word_1_167' title='bbox 144 2773 254 2837; x_wconf 90' lang='lat' dir='ltr'>tiones</span> <span class='ocrx_word' id='word_1_168' title='bbox 282 2782 485 2848; x_wconf 88' lang='lat' dir='ltr'>exercerent,</span> <span class='ocrx_word' id='word_1_169' title='bbox 512 2772 567 2835; x_wconf 92' lang='lat' dir='ltr'>alii</span> <span class='ocrx_word' id='word_1_170' title='bbox 595 2774 773 2855; x_wconf 90' lang='lat' dir='ltr'>propalam,</span> <span class='ocrx_word' id='word_1_171' title='bbox 802 2772 898 2836; x_wconf 92' lang='lat' dir='ltr'>multi</span> <span class='ocrx_word' id='word_1_172' title='bbox 925 2792 984 2855; x_wconf 90' lang='lat' dir='ltr'>per</span> <span class='ocrx_word' id='word_1_173' title='bbox 1010 2773 1198 2851; x_wconf 89' lang='lat' dir='ltr'>occultum;</span> 
     </span>
     <span class='ocr_line' id='line_1_25' title="bbox 144 2876 1198 2960; baseline -0.001 -19"><span class='ocrx_word' id='word_1_174' title='bbox 144 2897 254 2960; x_wconf 89' lang='lat' dir='ltr'>neque</span> <span class='ocrx_word' id='word_1_175' title='bbox 272 2876 478 2941; x_wconf 89' lang='lat' dir='ltr'>discerneres</span> <span class='ocrx_word' id='word_1_176' title='bbox 498 2876 623 2940; x_wconf 91' lang='lat' dir='ltr'>alienos</span> <span class='ocrx_word' id='word_1_177' title='bbox 643 2897 662 2940; x_wconf 91' lang='lat' dir='ltr'>a</span> <span class='ocrx_word' id='word_1_178' title='bbox 681 2877 878 2951; x_wconf 90' lang='lat' dir='ltr'>coniunctis,</span> <span class='ocrx_word' id='word_1_179' title='bbox 896 2876 1021 2940; x_wconf 91' lang='lat' dir='ltr'>amicos</span> <span class='ocrx_word' id='word_1_180' title='bbox 1044 2877 1085 2941; x_wconf 90' lang='lat' dir='ltr'>ab</span> <span class='ocrx_word' id='word_1_181' title='bbox 1108 2876 1198 2959; x_wconf 85' lang='lat' dir='ltr'>igno-</span> 
     </span>
    </p>
   </div>
   <div class='ocr_carea' id='block_1_3' title="bbox 140 3033 645 3889">
    <p class='ocr_par' dir='ltr' id='par_1_4' title="bbox 143 3033 645 3358">
     <span class='ocr_line' id='line_1_26' title="bbox 147 3033 644 3097; baseline 0 -15"><span class='ocrx_word' id='word_1_182' title='bbox 147 3034 220 3094; x_wconf 74' lang='lat' dir='ltr'><strong>(Tib.</strong></span> <span class='ocrx_word' id='word_1_183' title='bbox 233 3034 289 3097; x_wconf 85' lang='lat'>67),</span> <span class='ocrx_word' id='word_1_184' title='bbox 302 3050 342 3082; x_wconf 87' lang='lat' dir='ltr'>are</span> <span class='ocrx_word' id='word_1_185' title='bbox 361 3033 479 3095; x_wconf 90' lang='lat' dir='ltr'>certainly</span> <span class='ocrx_word' id='word_1_186' title='bbox 497 3050 530 3081; x_wconf 90' lang='lat' dir='ltr'>no</span> <span class='ocrx_word' id='word_1_187' title='bbox 548 3033 644 3082; x_wconf 86' lang='lat' dir='ltr'>confes·</span> 
     </span>
     <span class='ocr_line' id='line_1_27' title="bbox 143 3100 645 3162; baseline 0.002 -16"><span class='ocrx_word' id='word_1_188' title='bbox 143 3100 199 3147; x_wconf 92' lang='lat' dir='ltr'>sion</span> <span class='ocrx_word' id='word_1_189' title='bbox 217 3101 245 3147; x_wconf 87' lang='lat' dir='ltr'>os</span> <span class='ocrx_word' id='word_1_190' title='bbox 262 3101 332 3161; x_wconf 85' lang='lat' dir='ltr'>guilt,</span> <span class='ocrx_word' id='word_1_191' title='bbox 351 3101 394 3147; x_wconf 84' lang='lat' dir='ltr'>but</span> <span class='ocrx_word' id='word_1_192' title='bbox 413 3115 468 3160; x_wconf 92' lang='lat' dir='ltr'>may</span> <span class='ocrx_word' id='word_1_193' title='bbox 486 3115 585 3162; x_wconf 86' lang='lat' dir='ltr'>express</span> <span class='ocrx_word' id='word_1_194' title='bbox 603 3101 645 3148; x_wconf 85' lang='lat' dir='ltr'>the</span> 
     </span>
     <span class='ocr_line' id='line_1_28' title="bbox 143 3165 645 3213; baseline 0 -1"><span class='ocrx_word' id='word_1_195' title='bbox 143 3167 276 3213; x_wconf 87' lang='lat' dir='ltr'>weariness</span> <span class='ocrx_word' id='word_1_196' title='bbox 293 3166 321 3212; x_wconf 81' lang='lat' dir='ltr'>ol</span> <span class='ocrx_word' id='word_1_197' title='bbox 336 3183 367 3213; x_wconf 92' lang='lat' dir='ltr'>an</span> <span class='ocrx_word' id='word_1_198' title='bbox 386 3165 428 3212; x_wconf 85' lang='lat' dir='ltr'>old</span> <span class='ocrx_word' id='word_1_199' title='bbox 446 3182 503 3212; x_wconf 91' lang='lat' dir='ltr'>man</span> <span class='ocrx_word' id='word_1_200' title='bbox 522 3173 548 3212; x_wconf 90' lang='lat' dir='ltr'>to</span> <span class='ocrx_word' id='word_1_201' title='bbox 563 3166 645 3212; x_wconf 87' lang='lat' dir='ltr'>whom</span> 
     </span>
     <span class='ocr_line' id='line_1_29' title="bbox 144 3230 645 3292; baseline 0.002 -15"><span class='ocrx_word' id='word_1_202' title='bbox 144 3230 186 3278; x_wconf 84' lang='lat' dir='ltr'>lile</span> <span class='ocrx_word' id='word_1_203' title='bbox 204 3247 254 3278; x_wconf 86' lang='lat' dir='ltr'>was</span> <span class='ocrx_word' id='word_1_204' title='bbox 272 3247 305 3278; x_wconf 90' lang='lat' dir='ltr'>no</span> <span class='ocrx_word' id='word_1_205' title='bbox 321 3231 409 3292; x_wconf 87' lang='lat' dir='ltr'>longer</span> <span class='ocrx_word' id='word_1_206' title='bbox 427 3230 548 3292; x_wconf 85' lang='lat' dir='ltr'>anything</span> <span class='ocrx_word' id='word_1_207' title='bbox 566 3231 610 3278; x_wconf 91' lang='lat' dir='ltr'>but</span> <span class='ocrx_word' id='word_1_208' title='bbox 630 3247 645 3278; x_wconf 89' lang='lat' dir='ltr'>a</span> 
     </span>
     <span class='ocr_line' id='line_1_30' title="bbox 144 3297 563 3358; baseline 0.002 -14"><span class='ocrx_word' id='word_1_209' title='bbox 144 3297 240 3344; x_wconf 91' lang='lat' dir='ltr'>burden</span> <span class='ocrx_word' id='word_1_210' title='bbox 253 3298 302 3344; x_wconf 86' lang='lat' dir='ltr'>and</span> <span class='ocrx_word' id='word_1_211' title='bbox 314 3313 329 3344; x_wconf 90' lang='lat' dir='ltr'>a</span> <span class='ocrx_word' id='word_1_212' title='bbox 341 3297 563 3358; x_wconf 84' lang='lat' dir='ltr'>disappointment.</span> 
     </span>
    </p>

    <p class='ocr_par' dir='ltr' id='par_1_5' title="bbox 143 3363 643 3560">
     <span class='ocr_line' id='line_1_31' title="bbox 177 3363 642 3420; baseline 0.002 -10"><span class='ocrx_word' id='word_1_213' title='bbox 177 3375 200 3410; x_wconf 87' lang='lat'><strong>2.</strong></span> <span class='ocrx_word' id='word_1_214' title='bbox 218 3363 417 3412; x_wconf 78' lang='lat' dir='ltr'>frustra=sine</span> <span class='ocrx_word' id='word_1_215' title='bbox 438 3379 523 3420; x_wconf 82' lang='lat' dir='ltr'>causa,</span> <span class='ocrx_word' id='word_1_216' title='bbox 541 3379 556 3411; x_wconf 87' lang='lat' dir='ltr'>a</span> <span class='ocrx_word' id='word_1_217' title='bbox 576 3379 642 3411; x_wconf 91' lang='lat' dir='ltr'>com·</span> 
     </span>
     <span class='ocr_line' id='line_1_32' title="bbox 143 3428 643 3492; baseline 0.006 -17"><span class='ocrx_word' id='word_1_218' title='bbox 143 3443 202 3476; x_wconf 91' lang='lat' dir='ltr'>mon</span> <span class='ocrx_word' id='word_1_219' title='bbox 215 3429 333 3490; x_wconf 88' lang='lat' dir='ltr'>meaning</span> <span class='ocrx_word' id='word_1_220' title='bbox 345 3428 370 3475; x_wconf 90' lang='lat' dir='ltr'>in</span> <span class='ocrx_word' id='word_1_221' title='bbox 382 3429 496 3488; x_wconf 69' lang='lat' dir='ltr'>&#39;l‘acitus;</span> <span class='ocrx_word' id='word_1_222' title='bbox 516 3446 558 3478; x_wconf 88' lang='lat' dir='ltr'>see</span> <span class='ocrx_word' id='word_1_223' title='bbox 571 3430 591 3478; x_wconf 92' lang='lat'><strong>1.</strong></span> <span class='ocrx_word' id='word_1_224' title='bbox 605 3443 643 3492; x_wconf 88' lang='lat'><strong>30.</strong></span> 
     </span>
     <span class='ocr_line' id='line_1_33' title="bbox 143 3494 558 3560; baseline 0.002 -20"><span class='ocrx_word' id='word_1_225' title='bbox 143 3504 170 3555; x_wconf 89' lang='lat'>3;</span> <span class='ocrx_word' id='word_1_226' title='bbox 192 3494 242 3542; x_wconf 90' lang='lat' dir='ltr'><strong>III.</strong></span> <span class='ocrx_word' id='word_1_227' title='bbox 256 3507 293 3556; x_wconf 85' lang='lat'><strong>33.</strong></span> <span class='ocrx_word' id='word_1_228' title='bbox 308 3509 334 3552; x_wconf 73' lang='lat'>23</span> <span class='ocrx_word' id='word_1_229' title='bbox 357 3497 407 3543; x_wconf 86' lang='lat' dir='ltr'><strong>III.</strong></span> <span class='ocrx_word' id='word_1_230' title='bbox 422 3495 460 3560; x_wconf 84' lang='lat'><strong>58.</strong></span> <span class='ocrx_word' id='word_1_231' title='bbox 476 3509 497 3554; x_wconf 89' lang='lat' dir='ltr'>r,</span> <span class='ocrx_word' id='word_1_232' title='bbox 511 3503 558 3544; x_wconf 87' lang='lat' dir='ltr'>ete.</span> 
     </span>
    </p>

    <p class='ocr_par' dir='ltr' id='par_1_6' title="bbox 141 3562 643 3755">
     <span class='ocr_line' id='line_1_34' title="bbox 176 3562 641 3624; baseline 0 -16"><span class='ocrx_word' id='word_1_233' title='bbox 176 3562 440 3622; x_wconf 86' lang='lat' dir='ltr'>praestantissimus</span> <span class='ocrx_word' id='word_1_234' title='bbox 468 3562 641 3624; x_wconf 85' lang='lat' dir='ltr'>sapientiae:</span> 
     </span>
     <span class='ocr_line' id='line_1_35' title="bbox 142 3624 643 3690; baseline 0.004 -18"><span class='ocrx_word' id='word_1_235' title='bbox 142 3624 268 3683; x_wconf 65' lang='lat' dir='ltr'>Socrates4</span> <span class='ocrx_word' id='word_1_236' title='bbox 293 3627 335 3674; x_wconf 86' lang='lat' dir='ltr'>the</span> <span class='ocrx_word' id='word_1_237' title='bbox 354 3627 459 3674; x_wconf 87' lang='lat' dir='ltr'>allusion</span> <span class='ocrx_word' id='word_1_238' title='bbox 476 3627 496 3674; x_wconf 92' lang='lat' dir='ltr'>is</span> <span class='ocrx_word' id='word_1_239' title='bbox 514 3633 539 3674; x_wconf 92' lang='lat' dir='ltr'>to</span> <span class='ocrx_word' id='word_1_240' title='bbox 557 3643 573 3674; x_wconf 87' lang='lat' dir='ltr'>a</span> <span class='ocrx_word' id='word_1_241' title='bbox 589 3642 643 3690; x_wconf 87' lang='lat' dir='ltr'>pas-</span> 
     </span>
     <span class='ocr_line' id='line_1_36' title="bbox 141 3691 551 3755; baseline 0 -15"><span class='ocrx_word' id='word_1_242' title='bbox 141 3706 200 3752; x_wconf 82' lang='lat' dir='ltr'>sage</span> <span class='ocrx_word' id='word_1_243' title='bbox 213 3693 239 3738; x_wconf 92' lang='lat' dir='ltr'>in</span> <span class='ocrx_word' id='word_1_244' title='bbox 252 3693 343 3740; x_wconf 86' lang='lat' dir='ltr'>Plato&#39;s</span> <span class='ocrx_word' id='word_1_245' title='bbox 360 3693 466 3754; x_wconf 77' lang='lat' dir='ltr'>Gorgias</span> <span class='ocrx_word' id='word_1_246' title='bbox 481 3691 551 3755; x_wconf 90' lang='lat'><strong>(80).</strong></span> 
     </span>
    </p>

    <p class='ocr_par' dir='ltr' id='par_1_7' title="bbox 140 3755 645 3889">
     <span class='ocr_line' id='line_1_37' title="bbox 176 3755 642 3808; baseline -0.009 0"><span class='ocrx_word' id='word_1_247' title='bbox 176 3755 204 3808; x_wconf 79' lang='grc'>7.</span> <span class='ocrx_word' id='word_1_248' title='bbox 229 3767 412 3806; x_wconf 79' lang='lat' dir='ltr'>accusatores</span> <span class='ocrx_word' id='word_1_249' title='bbox 443 3758 473 3805; x_wconf 89' lang='lat' dir='ltr'>L.</span> <span class='ocrx_word' id='word_1_250' title='bbox 503 3758 642 3805; x_wconf 83' lang='lat' dir='ltr'>Arruntii:</span> 
     </span>
     <span class='ocr_line' id='line_1_38' title="bbox 140 3822 645 3889; baseline 0.002 -20"><span class='ocrx_word' id='word_1_251' title='bbox 140 3822 190 3870; x_wconf 88' lang='lat' dir='ltr'>this</span> <span class='ocrx_word' id='word_1_252' title='bbox 208 3828 281 3889; x_wconf 81' lang='lat' dir='ltr'>event</span> <span class='ocrx_word' id='word_1_253' title='bbox 298 3838 348 3870; x_wconf 85' lang='lat' dir='ltr'>was</span> <span class='ocrx_word' id='word_1_254' title='bbox 366 3822 486 3886; x_wconf 90' lang='lat' dir='ltr'>probably</span> <span class='ocrx_word' id='word_1_255' title='bbox 504 3822 599 3871; x_wconf 84' lang='lat' dir='ltr'>related</span> <span class='ocrx_word' id='word_1_256' title='bbox 619 3823 645 3870; x_wconf 92' lang='lat' dir='ltr'>in</span> 
     </span>
    </p>
   </div>
   <div class='ocr_carea' id='block_1_4' title="bbox 694 3033 1199 3886">
    <p class='ocr_par' dir='ltr' id='par_1_8' title="bbox 696 3033 1199 3225">
     <span class='ocr_line' id='line_1_39' title="bbox 697 3033 1197 3097; baseline -0.002 -15"><span class='ocrx_word' id='word_1_257' title='bbox 697 3034 740 3082; x_wconf 91' lang='lat' dir='ltr'>the</span> <span class='ocrx_word' id='word_1_258' title='bbox 758 3035 806 3082; x_wconf 87' lang='lat' dir='ltr'>lost</span> <span class='ocrx_word' id='word_1_259' title='bbox 823 3035 921 3097; x_wconf 90' lang='lat' dir='ltr'>portion</span> <span class='ocrx_word' id='word_1_260' title='bbox 939 3034 968 3082; x_wconf 86' lang='lat' dir='ltr'>of</span> <span class='ocrx_word' id='word_1_261' title='bbox 988 3034 1031 3082; x_wconf 88' lang='lat' dir='ltr'>the</span> <span class='ocrx_word' id='word_1_262' title='bbox 1051 3033 1105 3081; x_wconf 78' lang='lat' dir='ltr'>fifth</span> <span class='ocrx_word' id='word_1_263' title='bbox 1122 3034 1197 3081; x_wconf 87' lang='lat' dir='ltr'>book.</span> 
     </span>
     <span class='ocr_line' id='line_1_40' title="bbox 696 3100 1199 3162; baseline 0 -14"><span class='ocrx_word' id='word_1_264' title='bbox 696 3101 758 3148; x_wconf 92' lang='lat' dir='ltr'>This</span> <span class='ocrx_word' id='word_1_265' title='bbox 770 3101 920 3162; x_wconf 76' lang='lat' dir='ltr'>Sanquinius</span> <span class='ocrx_word' id='word_1_266' title='bbox 932 3101 952 3148; x_wconf 92' lang='lat' dir='ltr'>is</span> <span class='ocrx_word' id='word_1_267' title='bbox 965 3108 1008 3147; x_wconf 90' lang='lat' dir='ltr'>not</span> <span class='ocrx_word' id='word_1_268' title='bbox 1026 3100 1069 3147; x_wconf 89' lang='lat' dir='ltr'>the</span> <span class='ocrx_word' id='word_1_269' title='bbox 1084 3100 1199 3148; x_wconf 88' lang='lat' dir='ltr'>consular</span> 
     </span>
     <span class='ocr_line' id='line_1_41' title="bbox 697 3167 914 3225; baseline 0 -11"><span class='ocrx_word' id='word_1_270' title='bbox 697 3167 843 3214; x_wconf 86' lang='lat' dir='ltr'>mentioned</span> <span class='ocrx_word' id='word_1_271' title='bbox 855 3180 878 3225; x_wconf 93' lang='lat'>4.</span> <span class='ocrx_word' id='word_1_272' title='bbox 890 3180 914 3225; x_wconf 88' lang='lat'>4.</span> 
     </span>
    </p>

    <p class='ocr_par' dir='ltr' id='par_1_9' title="bbox 733 3230 1171 3296">
     <span class='ocr_line' id='line_1_42' title="bbox 733 3230 1171 3296; baseline 0.005 -18"><span class='ocrx_word' id='word_1_273' title='bbox 733 3245 753 3278; x_wconf 89' lang='lat'><strong>2.</strong></span> <span class='ocrx_word' id='word_1_274' title='bbox 772 3233 804 3294; x_wconf 80' lang='lat' dir='ltr'><strong>Q.</strong></span> <span class='ocrx_word' id='word_1_275' title='bbox 818 3233 973 3281; x_wconf 85' lang='lat' dir='ltr'>Servaeus:</span> <span class='ocrx_word' id='word_1_276' title='bbox 993 3232 1082 3280; x_wconf 82' lang='lat' dir='ltr'>scell.</span> <span class='ocrx_word' id='word_1_277' title='bbox 1095 3230 1134 3295; x_wconf 79' lang='lat'><strong>56.</strong></span> <span class='ocrx_word' id='word_1_278' title='bbox 1147 3242 1171 3296; x_wconf 83' lang='lat'><strong>5.</strong></span> 
     </span>
    </p>

    <p class='ocr_par' dir='ltr' id='par_1_10' title="bbox 731 3298 1035 3347">
     <span class='ocr_line' id='line_1_43' title="bbox 731 3298 1035 3347; baseline -0.007 0"><span class='ocrx_word' id='word_1_279' title='bbox 731 3298 852 3347; x_wconf 82' lang='lat' dir='ltr'>inducti:</span> <span class='ocrx_word' id='word_1_280' title='bbox 872 3299 911 3346; x_wconf 84' lang='lat' dir='ltr'>i.e.</span> <span class='ocrx_word' id='word_1_281' title='bbox 924 3298 961 3345; x_wconf 85' lang='lat' dir='ltr'>for</span> <span class='ocrx_word' id='word_1_282' title='bbox 973 3298 1035 3345; x_wconf 88' lang='lat' dir='ltr'>trial.</span> 
     </span>
    </p>

    <p class='ocr_par' dir='ltr' id='par_1_11' title="bbox 697 3364 1197 3494">
     <span class='ocr_line' id='line_1_44' title="bbox 731 3364 1197 3421; baseline -0.002 -10"><span class='ocrx_word' id='word_1_283' title='bbox 731 3365 868 3421; x_wconf 83' lang='lat' dir='ltr'>modeste,</span> <span class='ocrx_word' id='word_1_284' title='bbox 880 3365 985 3410; x_wconf 77' lang='lat' dir='ltr'>without</span> <span class='ocrx_word' id='word_1_285' title='bbox 1000 3364 1164 3419; x_wconf 81' lang='lat' dir='ltr'>ostentation,·</span> <span class='ocrx_word' id='word_1_286' title='bbox 1182 3379 1197 3410; x_wconf 89' lang='lat' dir='ltr'>a</span> 
     </span>
     <span class='ocr_line' id='line_1_45' title="bbox 697 3430 1048 3494; baseline 0.003 -17"><span class='ocrx_word' id='word_1_287' title='bbox 697 3430 783 3493; x_wconf 87' lang='lat' dir='ltr'>purely</span> <span class='ocrx_word' id='word_1_288' title='bbox 794 3431 890 3494; x_wconf 89' lang='lat' dir='ltr'>private</span> <span class='ocrx_word' id='word_1_289' title='bbox 904 3430 1048 3492; x_wconf 79' lang='lat' dir='ltr'>friendslrip.</span> 
     </span>
    </p>

    <p class='ocr_par' dir='ltr' id='par_1_12' title="bbox 694 3495 1197 3690">
     <span class='ocr_line' id='line_1_46' title="bbox 730 3495 1196 3557; baseline -0.002 -11"><span class='ocrx_word' id='word_1_290' title='bbox 730 3508 752 3557; x_wconf 83' lang='lat'>3·</span> <span class='ocrx_word' id='word_1_291' title='bbox 771 3497 801 3546; x_wconf 85' lang='lat' dir='ltr'>C.</span> <span class='ocrx_word' id='word_1_292' title='bbox 819 3497 961 3545; x_wconf 85' lang='lat' dir='ltr'>Cestium:</span> <span class='ocrx_word' id='word_1_293' title='bbox 986 3511 1028 3543; x_wconf 89' lang='lat' dir='ltr'>see</span> <span class='ocrx_word' id='word_1_294' title='bbox 1049 3496 1097 3543; x_wconf 90' lang='grc' dir='ltr'>ΙΙΙ.</span> <span class='ocrx_word' id='word_1_295' title='bbox 1116 3495 1155 3556; x_wconf 91' lang='lat'>36.</span> <span class='ocrx_word' id='word_1_296' title='bbox 1173 3508 1196 3546; x_wconf 87' lang='lat'><strong>2.</strong></span> 
     </span>
     <span class='ocr_line' id='line_1_47' title="bbox 694 3561 1197 3625; baseline -0.002 -16"><span class='ocrx_word' id='word_1_297' title='bbox 694 3562 750 3609; x_wconf 90' lang='lat' dir='ltr'>The</span> <span class='ocrx_word' id='word_1_298' title='bbox 767 3577 814 3609; x_wconf 90' lang='lat' dir='ltr'>son</span> <span class='ocrx_word' id='word_1_299' title='bbox 832 3563 852 3609; x_wconf 89' lang='lat' dir='ltr'>is</span> <span class='ocrx_word' id='word_1_300' title='bbox 868 3561 989 3625; x_wconf 89' lang='lat' dir='ltr'>probably</span> <span class='ocrx_word' id='word_1_301' title='bbox 1001 3562 1043 3609; x_wconf 90' lang='lat' dir='ltr'>the</span> <span class='ocrx_word' id='word_1_302' title='bbox 1061 3577 1109 3608; x_wconf 90' lang='lat' dir='ltr'>one</span> <span class='ocrx_word' id='word_1_303' title='bbox 1127 3576 1197 3609; x_wconf 87' lang='lat' dir='ltr'>men·</span> 
     </span>
     <span class='ocr_line' id='line_1_48' title="bbox 696 3627 939 3690; baseline 0 -16"><span class='ocrx_word' id='word_1_304' title='bbox 696 3627 783 3675; x_wconf 88' lang='lat' dir='ltr'>tioned</span> <span class='ocrx_word' id='word_1_305' title='bbox 795 3628 850 3675; x_wconf 91' lang='lat' dir='ltr'><strong>XV.</strong></span> <span class='ocrx_word' id='word_1_306' title='bbox 865 3639 902 3690; x_wconf 83' lang='lat'><strong>25.</strong></span> <span class='ocrx_word' id='word_1_307' title='bbox 916 3639 939 3690; x_wconf 85' lang='lat'><strong>5.</strong></span> 
     </span>
    </p>

    <p class='ocr_par' dir='ltr' id='par_1_13' title="bbox 730 3693 938 3741">
     <span class='ocr_line' id='line_1_49' title="bbox 730 3693 938 3741; baseline -0.005 0"><span class='ocrx_word' id='word_1_308' title='bbox 730 3693 798 3741; x_wconf 84' lang='lat' dir='ltr'>sibi:</span> <span class='ocrx_word' id='word_1_309' title='bbox 816 3693 938 3740; x_wconf 76' lang='lat' dir='ltr'>Tiberius</span> 
     </span>
    </p>

    <p class='ocr_par' dir='ltr' id='par_1_14' title="bbox 696 3757 1195 3886">
     <span class='ocr_line' id='line_1_50' title="bbox 730 3757 1195 3822; baseline -0.004 -16"><span class='ocrx_word' id='word_1_310' title='bbox 730 3760 947 3815; x_wconf 85' lang='lat' dir='ltr'>accusationem,</span> <span class='ocrx_word' id='word_1_311' title='bbox 970 3758 1008 3805; x_wconf 78' lang='lat' dir='ltr'>the</span> <span class='ocrx_word' id='word_1_312' title='bbox 1029 3757 1131 3822; x_wconf 80' lang='lat' dir='ltr'>formal</span> <span class='ocrx_word' id='word_1_313' title='bbox 1155 3758 1195 3805; x_wconf 87' lang='lat' dir='ltr'>in·</span> 
     </span>
     <span class='ocr_line' id='line_1_51' title="bbox 696 3823 1056 3886; baseline 0.006 -16"><span class='ocrx_word' id='word_1_314' title='bbox 696 3823 832 3878; x_wconf 65' lang='lat' dir='ltr'>dirimant,</span> <span class='ocrx_word' id='word_1_315' title='bbox 851 3839 892 3872; x_wconf 86' lang='lat' dir='ltr'>see</span> <span class='ocrx_word' id='word_1_316' title='bbox 905 3824 940 3872; x_wconf 94' lang='grc' dir='ltr'>ΙΙ,</span> <span class='ocrx_word' id='word_1_317' title='bbox 954 3823 991 3872; x_wconf 90' lang='lat'><strong>28.</strong></span> <span class='ocrx_word' id='word_1_318' title='bbox 1005 3837 1019 3886; x_wconf 87' lang='lat'><strong>3</strong></span> <span class='ocrx_word' id='word_1_319' title='bbox 1032 3840 1056 3872; x_wconf 89' lang='lat' dir='ltr'>n.</span> 
     </span>
    </p>
   </div>
   <div class='ocr_carea' id='block_1_5' title="bbox 0 0 1422 4342">
    <p class='ocr_par' dir='ltr' id='par_1_15' title="bbox 0 0 1422 4342">
     <span class='ocr_line' id='line_1_52' title="bbox 0 0 1422 4342; baseline 0 0"><span class='ocrx_word' id='word_1_320' title='bbox 0 0 1422 4342; x_wconf 95' lang='lat' dir='ltr'> </span> 
     </span>
    </p>
   </div>
  </div>
 </body>
</html>
