2834 4342
128 382 260 448 n.n.25.]
602 379 754 433 aunxis.
1184 371 1233 435 299

129 567 197 611 rem
228 565 326 610 suum
357 544 512 610 Cassium
543 545 775 628 praedicabat:
813 555 847 610 et
883 554 1024 630 uterque
1061 545 1181 629 opibus

128 661 227 735 atque
257 649 440 713 honoribus
469 650 674 733 perviguere.
738 649 844 714 Marci
876 650 1048 714 Ciceronis
1083 650 1218 728 libro,7

129 775 193 838 quo
210 754 373 818 Catonem
389 753 481 817 caelo
504 755 667 836 aequavit,
684 754 763 837 quid
786 754 873 818 aliud
897 754 1041 819 dIctator
1057 754 1182 818 Caesar

129 879 227 942 quam
250 857 412 939 rescripta
434 857 592 934 oratione,
609 858 701 921 velut
725 859 813 940 apud
834 858 968 934 iudices,
986 857 1181 940 respondit?

129 961 272 1025 Antonii
289 960 462 1043 epistulae,
481 961 576 1023 Bruti
599 961 773 1025 contiones
796 963 881 1025 falsa
904 962 1036 1044 quidem
1060 961 1094 1024 in
1111 962 1180 1026 Au·
1204 979 1218 1024 a

129 1076 265 1148 gustum
281 1065 410 1146 probra,
428 1065 488 1128 sed
511 1065 617 1128 multa
639 1086 715 1129 cum
738 1066 923 1130 acerbitate
945 1066 1090 1143 habent;
1114 1086 1181 1130 ear-

130 1171 219 1233 mina
243 1168 394 1232 Bibaculi
416 1178 451 1232 et
476 1168 599 1232 Catulli
621 1168 745 1233 referta
768 1166 979 1234 contumeliis
1001 1170 1181 1234 Caesarum

129 1275 306 1356 leguntur:
328 1273 388 1336 sed
403 1273 475 1355 ipse
491 1273 586 1336 divus
607 1272 720 1349 luliuS,
738 1273 810 1355 ipse
833 1273 928 1336 divus
945 1274 1123 1356 Augustus
1147 1283 1180 1338 et

129 1379 236 1441 tulere
252 1377 317 1440 ista
332 1385 366 1439 et
383 1376 555 1460 reliquere,
572 1376 661 1440 haud
675 1377 775 1440 facile
794 1376 931 1440 dixerim
955 1377 1182 1441 moderatione

130 1482 236 1564 magis
251 1502 294 1544 an
311 1480 483 1562 sapientia.
531 1481 685 1563 Namque
700 1490 814 1562 spreta
834 1481 1048 1546 exolescunt:
1072 1481 1100 1544 si
1124 1482 1182 1544 ira-

130 1606 232 1661 scare,
253 1585 368 1667 agnita
389 1585 551 1647 videntur.
612 1585 689 1646 Non
714 1584 843 1667 attingo
869 1586 1025 1661 Graecos
1043 1606 1182 1668 quorum
1195 1593 1232 1648 35

130 1711 197 1753 non
219 1691 318 1752 modo
341 1689 486 1763 libertas,
511 1688 612 1751 etiam
635 1688 739 1752 libido
762 1689 944 1771 impunita;
968 1699 1025 1752 aut
1053 1690 1081 1752 si
1108 1690 1181 1772 quis

130 1792 282 1869 advertit,
300 1792 398 1856 dictis
414 1792 504 1855 dicta
519 1792 609 1854 ultus
626 1802 687 1856 est.
737 1793 803 1856 Sed
820 1793 961 1856 maxime
977 1793 1123 1856 solutum
1146 1802 1179 1856 et
1205 1823 1219 1854 2

129 1897 203 1961 sIne
219 1898 443 1960 obtrectatore
459 1895 523 1958 luit
538 1897 792 1978 proderede'iis
811 1916 894 1978 quos
913 1905 1005 1959 'mors
1024 1897 1101 1960 odio
1124 1907 1181 1960 aut

129 2000 257 2085 gratiae
273 1999 460 2064 exemisset.
508 1999 600 2062 Num
624 2000 714 2063 enim
738 2000 874 2063 armatis
892 1999 1009 2064 Cassio
1025 2010 1058 2064 et
1076 2002 1179 2064 Bruto
1204 2030 1218 2076 3

129 2125 169 2170 ac
186 2104 417 2186 Philippenses
439 2123 574 2184 campos
598 2103 829 2167 obtinentibus
853 2104 930 2167 belli
953 2102 1059 2168 civilis
1083 2125 1183 2170 causa

130 2209 288 2291 populum
311 2228 371 2290 per
393 2207 566 2273 contiones
590 2207 757 2272 incendo?
779 2229 822 2271 an
845 2207 892 2270 illi
915 2208 1047 2290 quidem
1072 2220 1181 2292 septu-

130 2312 314 2395 agesimum
338 2320 417 2375 ante
440 2332 564 2375 annum
588 2312 762 2394 perempti,
780 2333 845 2395 quo
867 2314 965 2376 modo
981 2313 1181 2396 imaginibus

130 2416 199 2481 suls
216 2424 408 2491 noscuntur,
426 2436 508 2498 quas
532 2436 574 2478 ne
591 2416 698 2479 victor
713 2416 845 2499 quidem
869 2417 1022 2492 abolevit,
1041 2418 1089 2480 sic
1113 2438 1183 2499 par-

129 2531 199 2584 tem
215 2518 394 2583 memoriae
409 2520 496 2600 apud
513 2520 692 2601 scriptores
716 2520 886 2583 retinent?
933 2521 1038 2583 Suum
1061 2523 1180 2604 cuique
1203 2552 1220 2596 4

130 2627 233 2688 decus
264 2624 442 2706 posteritas
474 2624 624 2705 rependit
638 2645 645 2699 ;
679 2644 741 2686 nec
771 2624 921 2698 deerunt,
954 2623 982 2686 si
1013 2625 1182 2688 damnatio

129 2728 264 2811 ingruit,
289 2727 436 2810 quinon
459 2728 557 2790 modo
583 2727 691 2791 Cassii
716 2737 750 2790 et
778 2727 882 2802 Bruti,
907 2727 1089 2790 sedetiam
1116 2729 1181 2792 mei

130 2829 363 2897 meminerint'

164 2974 186 3026 7.
211 2962 301 3011 Marci
321 2962 474 3019 Ciceronis,
493 2968 556 3010 ete:
582 2961 632 3010 this
681 2976 710 3010 as
727 2961 755 3009 os
770 2977 802 3009 an
815 2961 918 3009 inflated
929 2961 999 3023 style.
1031 2962 1086 3010 The
1098 2962 1183 3026 vulgar

128 3029 198 3076 book
214 3043 265 3075 was
283 3026 364 3076 called
380 3029 451 3075 Laus
471 3028 572 3075 Catonis
585 3026 630 3090 (A.
681 3028 759 3076 abnse
771 3027 800 3074 οἱ
811 3027 892 3075 Caesar
904 3028 930 3074 iu
942 3027 985 3075 the
997 3043 1084 3091 poems
1096 3028 1125 3076 oI
1135 3027 1182 3078 Ca·
1240 3049 1247 3062 ·

129 3094 195 3142 Gell.
220 3094 296 3142 XIII.
325 3093 381 3155 19),
405 3109 434 3141 or
455 3093 545 3156 slmply
572 3094 631 3141 Cato
681 3092 756 3141 tullus
771 3092 813 3155 (11
828 3093 879 3142 and
892 3094 936 3155 29)
951 3094 972 3142 Is
983 3093 1032 3141 still
1047 3100 1139 3144 extant.

131 3158 200 3222 (Cic.
224 3159 263 3207 ad
281 3161 333 3207 Ate.
359 3159 435 3207 ΧΙΙΙ.
460 3159 520 3220 46);
548 3159 631 3206 Caesar
714 3168 816 3222 spreta,
830 3158 859 3223 is
859 3173 911 3222 you
923 3159 1013 3222 despire
1025 3159 1097 3209 them.

128 3225 226 3289 replied
245 3225 272 3272 in
290 3241 306 3272 a
322 3224 392 3272 work
412 3223 492 3272 called
512 3226 631 3272 Anticato
714 3226 818 3286 agnita,
831 3225 1006 3288 recognized:
1020 3227 1147 3291 consessed.

131 3290 178 3353 (A.
192 3290 257 3338 Gell.
269 3291 314 3338 IV.
334 3289 387 3352 16),
399 3289 428 3337 os
441 3290 524 3338 which
541 3291 630 3338 Cicero
713 3287 764 3342 35·
790 3304 811 3338 2.
830 3291 964 3348 solutum,
970 3292 1037 3357 free.

128 3371 185 3418 says
199 3356 250 3419 (ad
256 3359 308 3405 Aet.
320 3356 381 3404 XIl.
393 3356 449 3418 40),
461 3356 554 3418 colligit
563 3357 629 3402 vitia
714 3369 737 3419 3.
755 3370 839 3404 num:
859 3357 933 3404 when
950 3359 1019 3416 used,
1031 3373 1059 3406 as
1074 3359 1143 3415 here,
1156 3364 1182 3406 to

132 3423 242 3480 Catonis,
254 3423 298 3470 sed
306 3438 364 3470 cum
376 3423 500 3470 maximis
510 3422 630 3470 laudibus
680 3421 811 3470 introduce
834 3423 877 3470 the
902 3423 953 3471 first
979 3424 1091 3471 member
1114 3424 1142 3473 of
1167 3440 1182 3472 a

127 3489 197 3537 meis.
680 3488 773 3537 double
786 3489 908 3552 question,
920 3503 990 3538 num
1003 3490 1048 3537 has
1059 3491 1102 3538 the
1114 3505 1182 3538 same

161 3553 185 3602 8.
199 3554 315 3603 Antonii
327 3554 474 3617 epistulae,
484 3560 545 3602 eto:
558 3569 629 3601 some
680 3554 748 3602 force
760 3555 823 3602 asin
835 3555 915 3617 single
927 3556 1066 3618 questions;
1088 3557 1126 3604 i.e.
1138 3557 1181 3604 the

128 3625 235 3668 extracts
247 3620 310 3668 Irorn
322 3621 392 3667 these
404 3620 489 3668 letters
501 3635 542 3667 are
554 3621 629 3681 given
680 3621 795 3683 question
807 3621 955 3669 introduced
965 3621 997 3682 by
1005 3636 1075 3669 num
1089 3621 1109 3669 is
1121 3636 1181 3684 neg-

127 3686 161 3747 by
179 3685 312 3734 Suetonius
330 3686 397 3745 (Oct.
416 3698 437 3748 7,
459 3685 495 3743 16,
514 3686 553 3747 63,
573 3685 628 3745 69).
680 3687 771 3743 atived,
795 3687 849 3734 that
872 3688 1020 3735 Introduced
1044 3687 1076 3749 by
1098 3702 1136 3736 an
1161 3688 1182 3736 is

126 3751 165 3800 Of
173 3752 244 3800 these
255 3752 376 3815 speeches
388 3751 416 3798 os
426 3753 515 3799 Brutus
522 3752 630 3813 nothing
680 3753 866 3809 asserted-is
878 3755 899 3800 it
910 3760 953 3800 nol
963 3753 1072 3802 rather?
1088 3760 1136 3802 etc.

126 3817 149 3864 is
160 3815 261 3866 known.
285 3816 629 3881 Bibaculuswasapoet,de
712 3831 735 3877 4.
753 3819 839 3867 etiarn
852 3819 922 3867 mei:
938 3820 1181 3884 i.e.asachampion

126 3882 226 3933 scribed
243 3883 276 3946 by
293 3883 396 3932 Horace
414 3882 482 3947 (Sat.
495 3883 530 3934 11.
545 3895 567 3948 5.
579 3882 625 3947 40)
679 3883 708 3931 of
722 3883 817 3947 liberty.
