2834 4342
178 362 227 414 394
654 361 808 412 rncnus.
1130 365 1284 429 [nooxvt

229 525 350 609 tisque,
379 524 432 589 cui
458 523 604 588 adulatio
632 525 745 601 officit,
773 545 833 608 per
856 526 978 608 probra
1008 526 1128 590 saltem
1159 549 1286 611 gnarus
1379 530 1380 539 ’

229 630 308 695 fieri.

191 766 207 809 4
275 735 387 798 Isdem
408 734 526 797 diebus
547 733 692 796 Granius
716 733 908 798 Marcianus
931 745 1075 811 senator,
1092 756 1113 799 a
1128 735 1165 799 C.
1186 735 1287 800 Grac-

229 840 292 903 cho
307 838 492 902 maiestatis
507 838 704 921 postulatus,
722 837 790 900 vim
805 837 895 901 vitae
911 858 991 900 suae
1011 838 1134 915 attulit,
1153 821 1287 904 Tarius

229 962 294 1025 que
317 942 497 1006 Gratianus
520 950 675 1023 praetura
696 941 834 1004 functus
857 941 932 1024 lege
955 942 1072 1004 eadem
1097 952 1285 1007 extremum

178 1053 217 1108 89
229 1047 270 1109 ad
286 1045 487 1128 supplicium
503 1047 688 1108 damnatus.
738 1045 811 1108 Nec
823 1044 973 1127 dispares
983 1046 1188 1110 Trebellieni
1206 1049 1284 1111 Rufi

230 1159 264 1213 et
281 1149 386 1214 Sextii
402 1148 580 1226 Paconiani
596 1149 724 1212 exitus:
747 1169 824 1212 nam
840 1148 1075 1213 Trebellienus
1098 1171 1160 1214 sua
1181 1171 1285 1215 manu

230 1254 359 1330 cecidit,
377 1253 584 1317 Paconianus
600 1252 635 1315 in
651 1272 783 1316 carcere
798 1252 842 1316 ob
857 1252 1004 1316 carmina
1018 1253 1085 1318 illic
1108 1254 1143 1318 in
1167 1255 1285 1337 princi-

194 1387 209 1418 ω
231 1378 307 1440 pem
337 1357 491 1422 factitata
520 1355 748 1438 strangulatus
778 1365 840 1421 est.
902 1357 998 1421 Haec
1027 1357 1186 1422 Tiberius
1218 1379 1284 1423 non

230 1461 322 1537 mari,
340 1470 376 1524 ut
393 1460 480 1537 olim,
498 1460 624 1523 divisus
646 1480 755 1543 neque
777 1480 838 1542 per
851 1459 1051 1542 longinquos
1073 1461 1213 1525 nuntios
1236 1483 1284 1526 ac·

230 1565 383 1647 cipiebat,
409 1565 467 1628 sed
491 1565 607 1627 urbem
631 1562 732 1638 iuxta,
756 1565 873 1626 eodem
891 1572 927 1627 ut
951 1563 1005 1626 die
1026 1563 1080 1627 vel
1104 1565 1217 1628 noctis
1241 1566 1286 1629 in-

230 1670 372 1734 teriectu
400 1668 522 1731 litteris
552 1667 726 1730 consulum
757 1667 964 1743 rescriberet,
992 1667 1087 1750 quasi
1117 1669 1284 1750 aspiciens

230 1775 411 1836 undantem
430 1793 490 1854 per
505 1773 621 1834 domos
640 1771 837 1853 sanguinem
856 1781 913 1834 aut
936 1790 1055 1834 manus
1078 1773 1283 1836 carnificum.

193 1909 208 1952 3
233 1878 319 1940 Fine
345 1876 425 1939 anni
452 1877 625 1957 Poppaeus
657 1875 803 1938 Sabinus
833 1875 1000 1938 concessit
1026 1875 1105 1951 vita,
1135 1877 1285 1940 modicus

230 1981 377 2063 originis,
401 1979 589 2062 principum
612 1979 760 2042 amicitia
781 1979 992 2042 consulatum
1018 1999 1057 2042 ac
1082 1978 1285 2061 triumphale

230 2087 333 2148 decus
363 2086 504 2165 adeptus
530 2082 748 2165 maximisque
774 2081 953 2163 provinciis
980 2103 1040 2163 per
1065 2093 1226 2166 quattuor
1251 2094 1284 2147 et

230 2189 350 2270 viginti
372 2208 478 2250 annos
501 2187 686 2268 impositus,
704 2186 831 2249 nullam
847 2187 890 2248 ob
912 2185 1067 2249 eximiam
1089 2197 1209 2264 artem,
1226 2189 1285 2251 sed

231 2292 319 2374 quod
334 2311 394 2373 par
408 2290 554 2373 negotiis
569 2309 678 2373 neque
694 2311 795 2372 supra
809 2298 888 2354 erat.

112 2451 114 2454 ·
180 2441 219 2496 40
275 2434 315 2516 Q.
345 2433 493 2496 Plautius
522 2433 596 2497 Sex.
627 2432 784 2514 Papinius
811 2431 964 2496 consules
991 2442 1188 2516 sequuntur.
1234 2434 1285 2498 Eo

231 2558 320 2602 anno
335 2558 443 2620 neque
458 2538 546 2621 quod
564 2537 602 2601 L.
617 2537 783 2600 Aruseius
799 2538 818 2575 ³
832 2534 851 2571 ¹*
864 2538 883 2575 ³
900 2546 1007 2600 morte
1021 2536 1147 2600 adfecti
1161 2536 1284 2612 forent,

231 2641 447 2705 assuetudine
471 2641 632 2703 malorum
655 2649 692 2703 ut
715 2649 809 2703 atrox
831 2639 1076 2715 advertebatur,
1097 2641 1158 2703 sed
1180 2650 1286 2705 exter-

231 2746 298 2811 ruit
329 2746 417 2829 quod
446 2744 634 2808 Vibulenus
664 2743 818 2825 Agrippa
854 2764 957 2827 eques
990 2745 1178 2820 Romanus,
1210 2766 1286 2808 cum

232 2858 442 2932 perorassent
458 2857 679 2922 accusatores,
696 2847 731 2908 in
747 2847 820 2928 ipsa
837 2847 929 2910 curia
950 2847 1185 2929 depromptum
1210 2848 1286 2911 sinu

231 2973 397 3016 venenum
419 2952 540 3027 hausit,
557 2951 797 3033 prolapsusque
815 2971 855 3014 ac
873 2950 1091 3014 moribundus
1112 2951 1286 3016 festinatis

265 3139 383 3186 saltem:
414 3137 457 3184 i.e.
484 3135 506 3184 it
531 3136 601 3184 there
623 3150 674 3182 was
699 3151 734 3182 no
784 3135 827 3183 the
847 3135 974 3198 suspicion
994 3137 1045 3184 and
1061 3134 1175 3199 jeuousy
1195 3136 1225 3185 ol
1244 3136 1287 3185 the

232 3205 304 3250 other
321 3219 382 3263 way.
783 3200 877 3264 prince.

264 3283 288 3328 4.
307 3270 337 3317 C.
349 3269 492 3316 Graccho:
511 3282 554 3314 see
566 3267 610 3315 IV.
625 3279 661 3328 13.
674 3279 697 3328 3.
815 3263 865 3317 40.
888 3267 920 3313 1..
933 3267 1088 3314 Aruseius:
1108 3267 1233 3330 probably
1244 3283 1287 3315 su·

265 3331 316 3386 39.
339 3333 508 3382 Trebellieni
520 3333 598 3381 Rufi:
614 3333 650 3380 11.
660 3331 732 3395 ⁶74
783 3332 855 3379 other
871 3331 955 3378 clause
970 3331 1031 3378 with
1048 3347 1063 3380 a
1080 3334 1176 3380 second
1194 3346 1287 3395 neque

266 3402 327 3450 Sex.
342 3399 511 3448 Paconiani:
531 3410 554 3460 3.
566 3411 590 3458 4,
783 3397 860 3460 quod
868 3397 919 3444 and
927 3397 1000 3445 other
1007 3412 1094 3444 names
1102 3397 1167 3444 have
1174 3399 1288 3462 dropped

266 3479 289 3515 2.
306 3466 419 3514 litteris:
434 3468 476 3514 ale.
488 3465 515 3512 in
526 3463 608 3511 which
620 3463 663 3511 the
675 3478 733 3511 con·
783 3469 827 3511 out
843 3464 912 3520 here,
929 3462 1052 3525 although
1071 3463 1114 3510 the
1135 3465 1289 3528 manuscript

232 3533 283 3581 suls
294 3534 445 3581 announced
457 3534 501 3582 the
512 3532 643 3580 execution
651 3528 680 3578 ol
689 3530 733 3578 the
783 3529 865 3578 shows
875 3545 910 3578 no
920 3547 978 3596 gap.

232 3607 369 3648 sentences
816 3599 1002 3648 assuetudine
1026 3599 1181 3648 malorum:
1211 3597 1288 3663 qnali-

266 3679 289 3727 3.
308 3669 460 3728 Poppaeus
483 3665 621 3714 Sabinus:
645 3679 689 3712 see
711 3664 733 3712 1.
784 3664 829 3712 fies
839 3665 881 3711 the
893 3665 976 3713 whole
989 3666 1105 3727 negative
1117 3665 1210 3713 clame.

233 3730 312 3785 80.1;
335 3731 432 3789 IV.46.
448 3744 468 3779 1.
817 3731 967 3787 festinatis,
988 3738 1050 3779 etc.:
1076 3731 1135 3779 thus
1157 3731 1191 3778 be
1214 3730 1288 3778 failed

265 3803 363 3850 artem,
375 3796 502 3855 qualities.
784 3802 811 3842 to
823 3811 909 3842 secure
922 3795 965 3846 the
979 3797 1133 3858 advantages
1150 3796 1181 3844 ol
1194 3796 1288 3844 suicide
1379 3832 1381 3861 3

265 3869 357 3919 neque
369 3871 468 3920 supra:
486 3859 524 3906 alc.
537 3873 565 3906 so
577 3865 643 3906 asto
654 3858 733 3907 excite
787 3859 840 3924 (²9·
854 3860 893 3923 2).
