2834 4342
199 337 232 386 42
670 311 825 390 rncrms
1165 341 1255 406 [soor
1268 343 1288 392 1.

246 500 414 565 conditam
441 502 599 579 tenebris,
625 512 662 566 ut
687 512 766 568 sunt
791 502 931 567 mobiles
955 504 996 567 ad
1024 505 1289 588 superstitionem

246 605 417 687 perculsae
434 606 538 670 semel
553 616 694 683 mentes
708 607 772 671 sibi
787 616 962 671 aeternum
974 608 1119 673 laborem
1133 611 1287 693 portendi,

209 733 225 777 4
240 730 299 773 sua
311 710 460 774 facinora
474 711 618 774 aversari
634 712 717 775 deos
732 711 966 776 lamentantur.
1014 712 1191 778 Utendum
1208 714 1290 779 incli-

246 815 383 878 natione
399 835 438 880 ea
454 815 578 880 Caesar
592 825 625 879 et
642 836 727 898 quae
743 836 841 880 casus
864 816 1030 880 obtulerat
1046 815 1081 880 in
1097 817 1289 900 sapientiam

245 920 407 983 vertenda
421 928 513 983 ratus
526 919 691 984 circumiri
708 920 854 983 tentoria
869 919 961 984 iubet
974 941 982 996 ;
1004 920 1133 984 accitur
1144 923 1289 986 centurio

209 1045 224 1093 5
248 1023 405 1088 Clemens
429 1032 463 1087 et
489 1022 517 1086 si
541 1023 596 1086 alii
622 1023 719 1088 bonis
742 1024 872 1088 artibus
894 1023 982 1106 grati
1006 1024 1040 1087 in
1064 1024 1217 1108 vulgus.
1246 1026 1290 1089 Hi

244 1127 366 1210 vigiliis
383 1127 584 1192 stationibus
600 1126 760 1191 custodiis
776 1137 945 1210 portarum
967 1147 1004 1192 se
1022 1127 1184 1205 inserunt,
1201 1149 1290 1212 spem

208 1243 224 1287 ⁶
246 1233 404 1307 offerunt,
421 1240 547 1294 metum
564 1231 752 1296 intendunt.
801 1231 898 1314 ‘Quo
913 1252 1019 1316 usque
1034 1231 1139 1296 filium
1158 1231 1291 1315 impera-

244 1337 327 1400 toris
357 1335 609 1400 obsidebimus?
646 1335 722 1418 quis
752 1334 972 1400 certaminum
1004 1336 1106 1400 finis?
1159 1337 1292 1402 Percen-

245 1439 345 1503 nione
369 1448 404 1504 et
427 1437 595 1503 Vibuleno
620 1449 864 1504 sacramentum
889 1440 1011 1504 dicturi
1037 1440 1176 1504 sumus?
1222 1442 1293 1504 Per·

244 1543 384 1609 cennius
401 1552 434 1607 et
450 1543 639 1608 Vibulenus
659 1543 825 1625 stipendia
841 1542 1011 1620 militibus,
1028 1564 1127 1626 agros
1146 1545 1293 1609 emeritis

244 1647 452 1731 largientur?
475 1647 619 1730 denique
637 1667 696 1729 pro
717 1647 909 1712 Neronibus
928 1645 965 1712 et'
980 1647 1100 1712 Drusis
1120 1648 1294 1730 imperium

207 1777 222 1821 ⁷
245 1752 359 1835 populi
384 1751 528 1815 Romani
551 1751 752 1833 capessent?
800 1752 892 1834 Quin
916 1752 1037 1834 potius,
1062 1761 1099 1815 ut
1123 1753 1296 1816 novissimi

244 1857 279 1919 in
306 1855 446 1936 culpam,
469 1855 516 1917 ita
542 1855 639 1936 primi
666 1856 708 1919 ad
736 1855 975 1938 paenitentiam
999 1857 1139 1919 sumus?
1185 1856 1296 1920 Tarda

243 1969 322 2024 sunt
339 1979 423 2042 quae
440 1959 473 2022 in
490 1979 665 2023 commune
682 1960 936 2042 expostulentur
946 1981 954 2036 ;
975 1960 1137 2042 privatam
1152 1961 1295 2042 gratiam

207 2077 221 2120 8
246 2064 360 2128 statim
387 2083 543 2139 mereare,
568 2063 681 2126 statim
707 2063 867 2146 recipias'
922 2056 1107 2128 Commotis
1130 2085 1190 2146 per
1211 2065 1296 2129 haec

242 2169 411 2232 mentibus
427 2177 461 2232 et
484 2167 571 2230 inter
593 2186 629 2231 se
646 2168 822 2250 suspectis,
839 2168 981 2232 tironem
997 2189 1018 2232 a
1032 2178 1199 2244 veterano,
1216 2168 1297 2252 legi-

205 2299 221 2342 9
244 2294 342 2336 onem
358 2293 378 2335 a
393 2272 523 2355 legione
539 2272 730 2337 dissociant.
777 2274 865 2337 Tum
888 2273 997 2336 redire
1020 2271 1178 2355 paulatim
1202 2293 1297 2336 amor

242 2375 412 2460 obsequii;
435 2376 594 2439 omittunt
616 2386 740 2459 portae,
766 2377 862 2460 signa
887 2397 988 2439 unum
1012 2376 1045 2438 in
1072 2376 1182 2439 locum
1206 2377 1298 2459 prin-

241 2481 328 2564 cipio
344 2478 517 2544 seditionis
534 2490 738 2564 congregata
753 2501 831 2544 suas
847 2479 881 2542 in
898 2480 995 2544 sedes
1011 2480 1168 2544 referunt.

190 2593 229 2650 29
284 2587 416 2649 Drusus
437 2593 510 2648 orto
528 2584 582 2649 die
601 2593 635 2648 et
653 2594 773 2649 vocata
793 2584 958 2660 contione,
979 2605 1177 2667 quamquam
1201 2583 1298 2650 rudis

238 2805 334 2864 clouds,
346 2806 396 2854 and
410 2804 465 2854 that
479 2819 542 2854 even
557 2803 606 2854 this
622 2819 740 2854 common
791 2803 871 2852 nilion
880 2801 948 2851 olan
957 2801 1072 2866 imperial
1081 2802 1187 2864 orroyal
1197 2801 1298 2865 family.

238 2873 425 2936 phenomenon,
459 2870 566 2934 coupied
599 2871 660 2919 with
697 2871 740 2919 the
824 2881 847 2932 7.
866 2868 1017 2917 novissimi
1034 2869 1063 2916 in
1080 2867 1208 2932 culpam:
1233 2869 1299 2930 they

239 2938 339 3002 eclipse,
351 2936 454 2986 worked
467 2952 534 3000 upon
548 2937 611 2985 their
623 2937 730 2986 minds.”
790 2935 871 2984 either
884 2949 956 2992 were,
968 2949 998 2982 or
1011 2949 1075 2982 were
1091 2934 1197 2995 adroitly
1209 2949 1300 2996 repre·

271 3017 295 3064 4.
314 3004 343 3051 in
360 3003 539 3066 sapientiam,
550 3010 574 3050 to
585 3002 623 3051 the
634 3008 743 3050 account
790 3002 877 3049 sented
889 3015 918 3048 as
930 3000 1014 3062 being,
1027 2999 1076 3048 less
1087 2998 1166 3062 guilty
1175 3000 1236 3048 than
1250 2999 1299 3048 tbe

239 3070 343 3134 ofgood
349 3084 424 3117 sense.
789 3067 882 3114 others.

273 3147 295 3198 5.
313 3135 425 3200 vigiliis,
445 3133 534 3192 walch,
553 3133 658 3196 patrol:
682 3141 739 3182 etn-
823 3133 852 3180 in
872 3131 987 3194 culpam
1008 3167 1014 3179 .
1035 3165 1041 3177 .
1063 3167 1069 3180 .
1089 3132 1127 3180 ad
1146 3131 1300 3194 paeniten-

239 3200 372 3259 tionibus,
381 3207 454 3264 ports,
462 3201 575 3263 pickets:
592 3199 739 3258 custodiis,
789 3199 873 3248 tinm:
892 3198 954 3246 Inrr.
968 3208 997 3261 35
1011 3212 1034 3244 r.

240 3266 345 3330 guards.
822 3264 916 3313 tarda:
936 3263 974 3311 ie.
987 3262 1017 3311 oi
1027 3261 1171 3320 iulfilment3
1192 3261 1236 3310 the
1249 3263 1302 3312 ad·

272 3331 295 3383 6.
314 3332 515 3391 Percennione,
532 3339 594 3381 ete:
614 3333 657 3380 the
678 3331 739 3380 oatb
788 3330 842 3379 rice
854 3331 883 3388 is,
895 3330 929 3378 do
947 3336 991 3377 not
1003 3328 1061 3376 weit
1077 3335 1104 3376 to
1121 3327 1251 3390 negotiate
1269 3329 1303 3378 in

239 3398 268 3446 oi
277 3399 319 3447 the
332 3399 429 3448 Roman
439 3398 532 3446 soldier
539 3413 589 3447 was
599 3399 674 3447 taken
686 3413 740 3462 per·
788 3412 804 3444 a
815 3397 896 3458 body:
915 3395 990 3444 make
1000 3410 1063 3456 your
1073 3409 1151 3458 peace
1165 3394 1303 3444 individu-

238 3464 336 3527 souaily
349 3471 374 3512 to
387 3465 426 3513 his
438 3465 605 3514 commander.
788 3462 837 3525 ally
851 3463 1028 3526 (privatam).

272 3531 404 3589 emeritis,
418 3531 486 3594 aster
497 3531 633 3594 discharge.
820 3543 945 3578 mereare
958 3529 1008 3576 and
1021 3525 1197 3590 recipiente
1213 3526 1306 3590 apod-

272 3595 739 3658 NeronibusetDrueis:notmerely
788 3595 838 3643 osis
858 3602 884 3643 to
903 3610 919 3642 a
938 3594 1045 3658 protasis
1065 3592 1168 3657 implied
1189 3592 1216 3640 in
1240 3593 1305 3655 pri-

240 3661 353 3724 alluding
364 3669 389 3709 to
399 3661 442 3710 the
453 3661 586 3710 illustrious
595 3661 740 3709 sumilies-
788 3670 894 3709 vatam:
908 3660 929 3708 it
934 3675 983 3722 you
990 3660 1133 3721 makeyour
1140 3658 1307 3707 submissiora

239 3728 282 3775 the
299 3727 421 3775 Claudian
438 3729 489 3775 and
507 3726 594 3774 Livian
609 3734 700 3789 gentes,
713 3733 739 3773 to
789 3742 816 3774 as
827 3726 1044 3788 individuals,you
1055 3741 1116 3773 earn
1128 3725 1179 3773 and
1191 3740 1246 3787 you
1261 3740 1308 3772 re-

239 3792 321 3841 which
328 3793 370 3841 the
376 3793 457 3840 Neros
463 3793 512 3840 and
520 3793 595 3840 Drusi
602 3792 738 3853 belonged:
789 3793 857 3841 ceive
869 3792 939 3840 lavor
951 3800 977 3839 at
988 3807 1061 3840 once.

239 3873 277 3906 we
289 3873 331 3906 see
343 3859 442 3908 besides
454 3857 504 3908 this
521 3857 563 3908 the
580 3858 639 3908 tacit
656 3873 741 3920 recog·
821 3855 871 3911 29.
895 3857 981 3916 rudis,
995 3857 1145 3906 untrained.
