2834 4342
187 347 238 399 sva
665 348 820 400 merrus
1142 349 1300 414 [1³00va

237 512 419 596 genitalem
435 513 550 578 horam
566 513 794 596 comperisset,
807 533 908 597 quem
923 523 996 578 tum
1012 512 1148 590 annum,
1161 513 1296 598 qualem

200 647 216 692 4
239 618 327 682 diem
344 618 491 682 haberet.
539 617 601 682 Ille
616 617 747 700 positus
764 617 909 682 siderum
927 639 967 683 ac
990 617 1099 702 spatia
1119 618 1296 682 dimensus

237 722 373 786 haerere
389 722 504 805 primu,
522 723 599 785 dein
615 742 804 805 pavescere,
817 731 851 785 et
867 731 1030 806 quantum
1046 722 1293 805 introspiceret,

236 827 343 910 magis
360 847 398 891 ac
414 826 520 910 magis
537 827 685 909 trepidus
701 826 930 890 admirationis
942 836 977 891 et
987 836 1108 903 metus,
1121 835 1294 909 postremo

237 931 399 995 exclamat
427 930 620 1014 ambiguum
648 931 712 994 sibi
738 950 777 995 ac
804 950 907 1013 prope
931 931 1087 995 ultimum
1113 931 1294 994 discrimen

199 1060 214 1109 ς
238 1034 373 1100 instare.
419 1035 507 1099 Tum
524 1035 716 1117 complexus
731 1054 808 1098 eum
824 1034 982 1099 Tiberius
1002 1033 1190 1117 praescium
1210 1035 1294 1118 peri-

237 1139 386 1204 culorum
414 1147 448 1202 et
475 1137 676 1202 incolumem
703 1139 776 1202 fore
802 1146 962 1222 gratatur,
986 1159 1138 1222 quaeque
1163 1138 1294 1203 dixerat

236 1243 338 1307 oracli
353 1242 426 1307 vice
442 1242 609 1325 accipiens
625 1242 714 1307 inter
729 1241 866 1306 intimos
881 1242 1063 1307 amicorum
1078 1251 1182 1308 tenet.

186 1355 224 1410 22
281 1347 349 1413 Sed
373 1346 455 1410 mihi
479 1347 563 1411 haec
586 1366 625 1410 ac
648 1346 729 1410 talia
752 1345 901 1410 audienti
924 1346 959 1409 in
982 1346 1110 1410 incerto
1132 1345 1291 1410 iudicium
1384 1332 1385 1359 ³

237 1461 298 1528 est,
314 1451 430 1514 fatone
452 1471 507 1514 res
530 1451 719 1515 mortalium
742 1460 776 1514 et
799 1451 1003 1514 necessitate
1025 1449 1226 1514 immutabili
1248 1471 1291 1515 an

200 1585 214 1616 α
237 1555 324 1619 lorte
339 1555 524 1620 volvantur.
571 1553 705 1637 Quippe
721 1554 986 1637 sapientissimos
1001 1564 1152 1619 veterum
1169 1553 1292 1638 quique

221 1669 346 1724 ¹sectas
363 1679 477 1723 eorum
494 1659 703 1722 aemulantur
719 1658 867 1723 diversos
883 1657 1038 1741 reperies,
1055 1679 1094 1723 ac
1110 1657 1225 1722 multis
1246 1658 1292 1722 in-

236 1764 334 1828 sitam
350 1763 541 1845 opinionem
557 1782 625 1825 non
641 1762 737 1826 initia
759 1762 875 1839 nostri,
892 1783 961 1826 non
983 1763 1094 1838 finem,
1112 1783 1180 1825 non
1203 1761 1293 1825 deni·

236 1888 300 1951 que
316 1867 468 1931 homines
484 1866 535 1930 dis
551 1887 669 1945 curae;
692 1866 768 1930 ideo
783 1867 982 1931 creberrime
997 1865 1108 1930 tristia
1122 1865 1158 1928 in
1173 1866 1290 1943 bonos,

199 2001 214 2048 3
237 1972 325 2036 laeta
348 1971 436 2054 apud
459 1971 641 2035 deteriores
665 1990 748 2035 esse.
797 1971 924 2035 Contra
945 1970 1001 2034 alii
1023 1970 1131 2034 fatum
1156 1969 1292 2054 quidem

236 2096 419 2159 congruere
442 2076 542 2139 rebus
565 2084 694 2158 putant,
713 2076 772 2139 sed
794 2095 862 2139 non
884 2075 1017 2158 evagis
1040 2073 1157 2151 stellis,
1173 2094 1291 2138 verum

235 2180 323 2262 apud
339 2179 501 2263 principia
516 2187 550 2242 et
566 2199 672 2244 nexus
688 2179 890 2243 naturalium
906 2199 1081 2244 causarum
1090 2199 1099 2257 ;
1121 2198 1161 2243 ac
1175 2187 1292 2242 tamen

235 2284 434 2349 electionem
461 2283 551 2347 vitae
578 2282 675 2347 nobis
702 2283 903 2366 relinquunt,
929 2303 1029 2367 quam
1053 2283 1111 2347 ubi
1138 2282 1291 2366 elegeris,

198 2419 213 2466 ⁴
237 2397 366 2456 certum
390 2387 635 2451 imminentium
658 2387 819 2453 ordinem.
867 2388 987 2471 Neque
1010 2387 1097 2451 mala
1115 2387 1169 2451 vel
1192 2388 1291 2464 bona,

235 2513 320 2578 quae
350 2492 471 2575 vulgus
507 2499 623 2574 putet:
661 2491 794 2568 multos,
825 2491 883 2575 qui
919 2491 1104 2556 conflictari
1141 2491 1292 2556 adversis

234 2597 418 2673 videantur,
436 2597 562 2672 beatos,
587 2604 621 2660 at
644 2595 822 2678 plerosque
845 2615 1045 2680 quamquam
1068 2615 1209 2679 magnas
1231 2615 1293 2679 per

236 2721 316 2784 opes
332 2701 547 2776 miserrimos,
565 2699 593 2762 si
614 2699 660 2762 illi
682 2720 818 2783 gravem
841 2700 1010 2764 fortunam
1033 2709 1230 2764 constanter
1244 2708 1293 2764 to

197 2833 212 2882 5
235 2806 352 2882 lerent,
370 2804 405 2868 hi
424 2824 581 2887 prospera
604 2803 793 2868 inconsulte
816 2812 961 2870 utantur.
1009 2804 1168 2868 Ceterum
1191 2803 1292 2888 pluri·
1384 2862 1385 2873 2

234 2910 298 2974 mis
322 2909 511 2973 mortalium
535 2929 601 2972 non
625 2908 782 2972 eximitur
800 2909 881 2992 quin
904 2908 1011 2991 primo
1034 2907 1196 2992 cuiusque
1214 2918 1291 2972 ortu
1384 2966 1385 2975 ,

234 3023 375 3078 ventura
391 3013 611 3090 destinentur,
629 3013 688 3077 sed
704 3012 867 3096 quaedam
883 3033 980 3077 secus
996 3033 1095 3096 quam
1111 3012 1201 3077 dicta
1221 3011 1291 3076 sint

266 3196 419 3261 genitalem
432 3198 540 3255 horam,
551 3197 684 3261 horoscope.
787 3195 911 3259 objective
927 3194 1045 3260 genitive,
1057 3209 1084 3246 as
1100 3194 1123 3244 ii
1136 3195 1156 3245 it
1168 3210 1236 3245 were
1252 3195 1292 3245 the

262 3279 286 3324 4.
298 3262 735 3328 quantum...magis:1ntr.35m.
787 3264 870 3326 things
888 3263 944 3311 that
961 3262 1034 3326 begin
1053 3278 1090 3320 us,
1107 3277 1137 3310 or
1148 3262 1211 3326 give
1226 3277 1259 3311 ees
1273 3277 1290 3310 a

263 3329 390 3393 trepidus
409 3328 613 3386 admirationis,
630 3334 686 3387 etc,
698 3329 736 3376 di·
786 3329 932 3392 beginning.

232 3395 310 3444 vided
328 3395 440 3453 between,
463 3401 522 3452 etc.;
550 3394 582 3443 ci.
602 3394 737 3461 ambiguae
821 3407 842 3457 3.
861 3394 922 3445 alii:
942 3395 986 3443 the
998 3394 1085 3444 Stoice.

233 3462 342 3526 pudoris
359 3477 389 3508 ac
408 3469 493 3520 metus,
506 3461 541 3509 II.
553 3473 592 3521 40.
605 3473 628 3510 2.
820 3461 902 3523 vagis
914 3461 1013 3518 stellis,
1020 3461 1129 3524 planete.

266 3527 315 3582 22.
334 3542 356 3578 2.
372 3530 610 3594 sapientissimos,
619 3535 680 3578 ete:
692 3529 736 3578 the
820 3539 843 3594 5.
855 3528 985 3592 plurimis
994 3527 1165 3585 mortalium,
1174 3532 1237 3575 ete:
1250 3527 1290 3576 ie.

231 3595 350 3646 founders
371 3598 401 3646 os
419 3598 461 3646 the
483 3597 577 3647 several
594 3595 693 3646 schools
710 3596 740 3644 os
786 3595 813 3644 in
825 3602 934 3645 contrast
944 3596 1004 3644 with
1017 3595 1060 3643 the
1072 3593 1226 3658 Epicuream
1237 3593 1290 3641 and

231 3663 389 3728 philosophy.
787 3663 881 3712 Stoicsr
901 3663 961 3725 they
971 3679 1019 3711 are
1030 3662 1234 3728 notsteedsrone
1251 3659 1291 3708 the
1384 3680 1385 3685 ¹

266 3729 377 3777 multis:
398 3729 442 3776 the
454 3728 617 3792 Epicureans.
786 3729 864 3794 belief
872 3729 933 3785 that,
951 3735 1011 3788 etc.;
1033 3729 1078 3777 the
1093 3727 1228 3776 infinitives
1243 3741 1289 3775 ca·
1384 3718 1385 3781 l

265 3793 345 3840 initia
364 3793 469 3841 nostri:
493 3793 536 3841 the
557 3792 613 3840 idea
634 3792 663 3841 of
679 3808 734 3856 per·
786 3795 861 3851 dere,
883 3801 939 3852 etc,
958 3794 1060 3858 depend
1079 3808 1149 3858 upon
1170 3793 1220 3844 th'n
1242 3792 1288 3841 im·

232 3855 338 3919 sonality
350 3856 460 3920 strongly
472 3857 632 3921 emphasized
646 3857 680 3922 by
691 3858 734 3906 the
785 3858 854 3924 plied
866 3859 924 3908 idea
935 3858 965 3908 oi
972 3858 1056 3912 belief.
